,timestamp,TPT_PRESS_ANM,TPT_TEMP_ANM,P_PDG_COL,P_PDG_AN_SUP,P_PDG_AN_INF,P_PDG_AN_INT,T_PDG_COL,T_PDG_AN_SUP,T_PDG_AN_INF,T_PDG_AN_INT,CHK_PROD,PRESS_PROD_TOP_SIDE,SURFACE_PRESSURE,INJ_WATER_VALV,FLOWIN_WATER_INJ,M1,M2,W1,W2,XO,P_CI1,P_CI2,P_CI3,P_CI4,HP_PRESS_RET,LP_PRESS_RET,HP_PRESS,LP_PRESS,FLOW_HP_RET,FLOW_HP_RET_VOL,FLOW_LP_RET,FLOW_LP_RET_VOL,FLOW_HP,FLOW_HP_VOL,FLOW_LP,FLOW_LP_VOL,PXO,DHSV,class
0,2022-12-13T23:59:30.000-0300,,,,,,,,,,,,,,,,,,,,,,,,,,,,,,,,,,,,,,,0.0
1,2022-12-14T00:00:00.000-0300,106766142.98605499,313.91605,51087743.175000004,50418105.88639999,51709474.97835,,306.93643799999995,306.90432999999996,306.2219452,,,,,,0.06854871114095053,,,,,,21361162.961593,21208583.5497725,,21234012.879688,21122715.443641,21147652.577793,63710029.489750005,52869126.1488915,,1.7134,,1270.6171,,2.0664,,1501.2681,,,0.0
2,2022-12-14T00:00:30.000-0300,106766142.98605499,313.91605,51085571.590424,50420479.0957,51709749.56455,,306.94448,306.91267,306.23846,,,,,,0.0705603747897678,,,,,,21361162.961593,21208583.5497725,,21234012.879688,21122715.443641,21147652.577793,63710029.489750005,52894073.776159,,1.7134,,1270.6171,,2.0664,,1501.2681,,,0.0
3,2022-12-14T00:01:00.000-0300,106766142.98605499,313.91605,51087403.178444505,50420773.295200005,51710485.0633,,306.95252,306.92100369999997,306.246714,,,,,,0.06854297214084201,,,,,,21361162.961593,21208583.5497725,,21234012.879688,21122715.443641,21147652.577793,63747432.05285,52869126.1488915,,1.7134,,1270.6171,,2.0664,,1501.2681,,,0.0
4,2022-12-14T00:01:30.000-0300,106766142.98605499,313.91605,51085894.817608,50425254.93425,51711439.9368105,,306.9686073,306.93767399999996,306.26322,,,,,,0.07055750952826606,,,,,,21361162.961593,21183154.121790502,,21208583.5497725,21122715.443641,21147652.577793,63710029.489750005,52869126.1488915,,1.7134,,1270.6171,,2.0664,,1501.2681,,,0.0
5,2022-12-14T00:02:00.000-0300,106766142.98605499,313.91605,51089527.985300004,50421244.0144,51711852.894842006,,306.9766449,306.9460052,306.2714752,,,,,,0.07055750952826606,,,,,,21361162.961593,21183154.121790502,,21208583.5497725,21122715.443641,21147652.577793,63710029.489750005,52894073.776159,,1.7134,,1270.6171,,2.0664,,1501.2681,,,0.0
6,2022-12-14T00:02:30.000-0300,106766142.98605499,313.91605,51091812.93475,50422240.0758405,51712714.8013105,,306.9927277,306.96267,306.29623,,,,,,0.07054925282796225,,,,,,21386595.4296365,21208583.5497725,,21234012.879688,21122715.443641,21147652.577793,63747432.05285,52869126.1488915,,1.7134,,1270.6171,,2.0664,,1501.2681,,,0.0
7,2022-12-14T00:03:00.000-0300,106766142.98605499,313.8683723,51100835.05275,50423126.891200006,51713250.5386,,306.9927277,306.9710068,306.30447999999996,,,,,,0.07054925282796225,,,,,,21386595.4296365,21208583.5497725,,21234012.879688,21122715.443641,21172589.711945,63710029.489750005,52894073.776159,,1.7134,,1270.6171,,2.0664,,1501.2681,,,0.0
8,2022-12-14T00:03:30.000-0300,106766142.98605499,313.91605,51098520.68335,50426284.6325,51713603.578,,307.00880279999996,306.98767,306.3209824,,,,,,0.07054113599989148,1.0,,,,,21361162.961593,21208583.5497725,,21234012.879688,21122715.443641,21147652.577793,63710029.489750005,52894073.776159,,1.7134,,1270.6171,,2.0664,,1501.2681,,,0.0
9,2022-12-14T00:04:00.000-0300,106766142.98605499,313.8683723,51093744.8448,50427618.3369,51714486.1765,,307.02488,306.996,306.33747999999997,,,,,,0.06852567884657118,1.0,,,,,21361162.961593,21183154.121790502,,21234012.879688,21122715.443641,21147652.577793,63710029.489750005,52894073.776159,,1.7134,,1270.6171,,2.0664,,1501.2681,,,0.0
10,2022-12-14T00:04:30.000-0300,106766142.98605499,313.91605,51089504.1551405,50426647.47855,51715138.907124005,,307.0329155,307.004332,306.3539757,,,,,,0.06852339002821181,1.0,,,,,21361162.961593,21208583.5497725,,21208583.5497725,21122715.443641,21147652.577793,63710029.489750005,52894073.776159,,1.7134,,1270.6171,,2.0664,,1501.2681,,,0.0
11,2022-12-14T00:05:00.000-0300,106766142.98605499,313.91605,51106601.36295,50428925.955611005,51715629.7299565,,307.04095309999997,307.01266,306.3539757,,,,,,0.06852339002821181,1.0,,,,,21361162.961593,21208583.5497725,,21208583.5497725,21122715.443641,21147652.577793,63710029.489750005,52894073.776159,,1.7134,,1270.6171,,2.0664,,1501.2681,,,0.0
12,2022-12-14T00:05:30.000-0300,106766142.98605499,313.8683723,51094705.8965,50423882.00325,51716539.492877,,307.04899,307.02099,306.3787178,,,,,,0.0685290061102973,1.0,,,,,21361162.961593,21208583.5497725,,21234012.879688,21122715.443641,21147652.577793,63710029.489750005,52894073.776159,,1.7134,,1270.6171,,2.0664,,1501.2681,,,0.0
13,2022-12-14T00:06:00.000-0300,106766142.98605499,313.91605,51093440.83865,50429602.3202615,51716653.446150005,,307.0570244,307.02932,306.38696519999996,,,,,,0.0685290061102973,1.0,,,,,21361162.961593,21208583.5497725,,21234012.879688,21122715.443641,21147652.577793,63747432.05285,52919007.57605,,1.7134,,1270.6171,,2.0664,,1501.2681,,,0.0
14,2022-12-14T00:06:30.000-0300,106766142.98605499,313.8683723,51093607.5517,50423856.211760506,51716767.007157,,307.0570244,307.02932,306.39520999999996,,,,,,0.07055428398980035,1.0,,,,,21361162.961593,21208583.5497725,,21208583.5497725,21122715.443641,21147652.577793,63747432.05285,52919007.57605,,1.7134,,1270.6171,,2.0664,,1501.2681,,,0.0
15,2022-12-14T00:07:00.000-0300,106766142.98605499,313.8683723,51099324.82865,50425941.39975,51717748.652822,,307.07309569999995,307.0459732,306.40345229999997,,,,,,0.07053098042805989,1.0,,,,,21361162.961593,21208583.5497725,,21208583.5497725,21122715.443641,21147652.577793,63710029.489750005,52894073.776159,,1.7134,,1270.6171,,2.0664,,1501.2681,,,0.0
16,2022-12-14T00:07:30.000-0300,106766142.98605499,313.8683723,51097245.81885,50430751.463508494,51718732.45595001,,307.08113,307.05429999999996,306.4281868,,,,,,0.07053098042805989,1.0,,,,,21361162.961593,21208583.5497725,,21208583.5497725,21122715.443641,21147652.577793,63747432.05285,52943945.887,,1.7134,,1270.6171,,2.0664,,1501.2681,,,0.0
17,2022-12-14T00:08:00.000-0300,106766142.98605499,313.8683723,51103881.2924395,50427387.68449199,51718796.1011085,,307.0891632,307.06262999999996,306.4281868,,,,,,0.07053823682996962,1.0,,,,,21361162.961593,21183154.121790502,,21234012.879688,21122715.443641,21147652.577793,63710029.489750005,52894073.776159,,1.7134,,1270.6171,,2.0664,,1501.2681,,,0.0
18,2022-12-14T00:08:30.000-0300,106766142.98605499,313.8683723,51095902.307799995,50432060.749350004,51718977.6222,,307.097197,307.07095569999996,306.45291,,,,,,0.0685270775689019,1.0,,,,,21361162.961593,21208583.5497725,,21234012.879688,21122715.443641,21147652.577793,63747432.05285,52894073.776159,,1.7134,,1270.6171,,2.0664,,1501.2681,,1.0,0.0
19,2022-12-14T00:09:00.000-0300,106766142.98605499,313.8683723,51104695.342456006,50430638.785100006,51719580.142776005,,307.10523,307.07928,306.45291,,,,,,0.0685260264078776,1.0,,,,,21361162.961593,21208583.5497725,,21234012.879688,21122715.443641,21147652.577793,63710029.489750005,52894073.776159,,1.7134,,1270.6171,,2.0664,,1501.2681,,1.0,0.0
20,2022-12-14T00:09:30.000-0300,106766142.98605499,313.91605,51092544.706973,50431242.286341,51719948.48055,,307.11325999999997,307.0876068,306.46939319999996,,,,,,0.0685260264078776,1.0,,,,,21361162.961593,21208583.5497725,,21234012.879688,21122715.443641,21147652.577793,63747432.05285,52943945.887,,1.7134,,1270.6171,,2.0664,,1501.2681,,1.0,0.0
21,2022-12-14T00:10:00.000-0300,106766142.98605499,313.8683723,51098716.816350006,50431583.459694505,51721007.59875,,307.12129439999995,307.09592999999995,306.4776329,,,,,,0.070535519917806,1.0,,1.0,,,21361162.961593,21208583.5497725,,21234012.879688,21122715.443641,21147652.577793,63710029.489750005,52919007.57605,,1.7134,,1270.6171,,2.0664,,1501.2681,,1.0,0.0
22,2022-12-14T00:10:30.000-0300,106766142.98605499,313.8683723,51099733.373689,50432056.336357504,51721046.82535,,307.1293243,307.10425419999996,306.49411239999995,,,,,,0.07052843305799696,1.0,,1.0,,,21361162.961593,21208583.5497725,,21234012.879688,21122715.443641,21147652.577793,63710029.489750005,52919007.57605,,1.7134,,1270.6171,,2.0664,,1501.2681,,1.0,0.0
23,2022-12-14T00:11:00.000-0300,106766142.98605499,313.8683723,51098108.80405,50431040.857750006,51721932.463911496,,307.13736,307.1125778,306.5023521,,,,,,0.06850732167561849,1.0,,1.0,,,21361162.961593,21208583.5497725,,21208583.5497725,21122715.443641,21147652.577793,63784848.149127,52919007.57605,,1.7134,,1270.6171,,2.0664,,1501.2681,,1.0,0.0
24,2022-12-14T00:11:30.000-0300,106766142.98605499,313.91605,51093686.00489999,50433498.796505995,51721949.03715,,307.153418,307.1209,306.5188278,,,,,,0.06850732167561849,1.0,,1.0,,,21361162.961593,21208583.5497725,,21234012.879688,21122715.443641,21147652.577793,63710029.489750005,52943945.887,,1.7134,,1270.6171,,2.0664,,1501.2681,,1.0,0.0
25,2022-12-14T00:12:00.000-0300,106766142.98605499,313.8683723,51097183.54662249,50434473.18525,51722884.199294,,307.1614441,307.12922,306.52706379999995,,,,,,0.07053751203748915,1.0,,1.0,,,21361162.961593,21208583.5497725,,21234012.879688,21122715.443641,21147652.577793,63710029.489750005,52919007.57605,,1.7134,,1270.6171,,2.0664,,1501.2681,,1.0,0.0
26,2022-12-14T00:12:30.000-0300,106766142.98605499,313.8683723,51083189.359005995,50434718.351500005,51723297.1573255,,307.169474,307.137545,306.5353,,,,,,0.0705373297797309,1.0,,1.0,0.0,0.0,21361162.961593,21208583.5497725,,21234012.879688,21122715.443641,21147652.577793,63747432.05285,52943945.887,,1.7134,,1270.6171,,2.0664,,1501.2681,0.0,1.0,0.0
27,2022-12-14T00:13:00.000-0300,106766142.98605499,313.8683723,51087645.1085,50432612.961811505,51723602.43833999,,307.177504,307.1458649,306.55177,,,,,,0.070535519917806,1.0,,1.0,0.0,0.0,21386595.4296365,21208583.5497725,,21234012.879688,21122715.443641,21147652.577793,63710029.489750005,52943945.887,,1.7134,,1270.6171,,2.0664,,1501.2681,0.0,1.0,0.0
28,2022-12-14T00:13:30.000-0300,106766142.98605499,313.8683723,51104126.654822506,50433654.4280415,51724296.74916001,,307.18552999999997,307.1458649,306.5600075,,,,,,0.06852074517144097,1.0,0.0,1.0,0.0,0.0,21361162.961593,21208583.5497725,,21234012.879688,21122715.443641,21147652.577793,63710029.489750005,52943945.887,,1.7134,,1270.6171,,2.0664,,1501.2681,0.0,1.0,0.0
29,2022-12-14T00:14:00.000-0300,106766142.98605499,313.91605,51093440.83865,50435300.474244,51724554.1737225,,307.1935562,307.15418999999997,306.56823999999995,,,,,,0.0705342525906033,1.0,0.0,1.0,0.0,0.0,21361162.961593,21208583.5497725,,21234012.879688,21122715.443641,21147652.577793,63710029.489750005,52919007.57605,,1.7134,,1270.6171,,2.0664,,1501.2681,0.0,1.0,0.0
30,2022-12-14T00:14:30.000-0300,106766142.98605499,313.8683723,51097153.538273506,50432070.556,51725155.8117,,307.20158619999995,307.16251,306.57647549999996,,,,,,0.06851104312472873,1.0,0.0,1.0,0.0,0.0,21361162.961593,21208583.5497725,,21208583.5497725,21122715.443641,21147652.577793,63747432.05285,52943945.887,,1.7134,,1270.6171,,2.0664,,1501.2681,0.0,1.0,0.0
31,2022-12-14T00:15:00.000-0300,106766142.98605499,313.91605,51101433.2584,50434806.61135001,51725930.53705,,307.2096123,307.17082999999997,306.59294,,,,,,0.07052095625135633,1.0,0.0,1.0,0.0,0.0,21386595.4296365,21208583.5497725,,21208583.5497725,21122715.443641,21147652.577793,63747432.05285,52943945.887,,1.7134,,1270.6171,,2.0664,,1501.2681,0.0,1.0,0.0
32,2022-12-14T00:15:30.000-0300,106766142.98605499,313.91605,51095578.68835,50437807.44625,51726205.12325,,307.22565999999995,307.17915,306.60116999999997,,,,,,0.07052095625135633,1.0,0.0,1.0,0.0,0.0,21361162.961593,21208583.5497725,,21234012.879688,21122715.443641,21147652.577793,63747432.05285,52968880.569489494,,1.7134,,1270.6171,,2.0664,,1501.2681,0.0,1.0,0.0
33,2022-12-14T00:16:00.000-0300,106766142.98605499,313.8683723,51093931.17115,50435728.43645,51726832.74885,,307.2336868,307.17915,306.609404,,,,,,0.07053062015109592,1.0,0.0,1.0,0.0,0.0,21361162.961593,21208583.5497725,,21234012.879688,21122715.443641,21147652.577793,63747432.05285,52968880.569489494,,1.7134,,1270.6171,,2.0664,,1501.2681,0.0,1.0,0.0
34,2022-12-14T00:16:30.000-0300,106766142.98605499,313.8683723,51103473.041600004,50439503.9967,51727181.7675235,,307.2336868,307.1874641,306.61763609999997,,,,,,0.07053062015109592,1.0,0.0,1.0,0.0,0.0,21361162.961593,21208583.5497725,,21234012.879688,21122715.443641,21147652.577793,63710029.489750005,52943945.887,,1.7134,,1270.6171,,2.0664,,1501.2681,0.0,1.0,0.0
35,2022-12-14T00:17:00.000-0300,106766142.98605499,313.91605,51099216.9555,50439886.45605,51727552.8511595,,307.2497353,307.195784,306.6340965,,,,,,0.07053261227077907,1.0,0.0,1.0,0.0,0.0,21361162.961593,21183154.121790502,,21234012.879688,21122715.443641,21147652.577793,63710029.489750005,52943945.887,,1.7134,,1270.6171,,2.0664,,1501.2681,0.0,1.0,0.0
36,2022-12-14T00:17:30.000-0300,106766142.98605499,313.8683723,51090891.10964999,50437419.299043,51728534.496824495,,307.2577576,307.2041,306.64232999999996,,,,,,0.06851563771565755,1.0,0.0,1.0,0.0,0.0,21361162.961593,21208583.5497725,,21208583.5497725,21122715.443641,21147652.577793,63710029.489750005,52943945.887,,1.7134,,1270.6171,,2.0664,,1501.2681,0.0,1.0,0.0
37,2022-12-14T00:18:00.000-0300,106766142.98605499,313.8683723,51092718.284678,50437689.766449995,51728342.972950004,,307.26577999999995,307.2041,306.64232999999996,,,,,,0.06851740095350478,1.0,0.0,1.0,0.0,0.0,21361162.961593,21208583.5497725,,21234012.879688,21122715.443641,21172589.711945,63747432.05285,52943945.887,,1.7134,,1270.6171,,2.0664,,1501.2681,0.0,1.0,0.0
38,2022-12-14T00:18:30.000-0300,106766142.98605499,313.8683723,51103061.1623,50430428.2363245,51729180.951192506,,307.2738022,307.21241999999995,306.65878519999995,,,,,,0.06851740095350478,1.0,0.0,1.0,0.0,0.0,21361162.961593,21183154.121790502,,21234012.879688,21122715.443641,21147652.577793,63747432.05285,52943945.887,,1.7134,,1270.6171,,2.0664,,1501.2681,0.0,1.0,0.0
39,2022-12-14T00:19:00.000-0300,106766142.98605499,313.8683723,51104605.513542,50439876.6494,51729833.583749995,,307.28984679999996,307.22905199999997,306.6670135,,,,,,0.07052989112006293,1.0,0.0,1.0,0.0,0.0,21361162.961593,21208583.5497725,,21234012.879688,21122715.443641,21147652.577793,63747432.05285,52968880.569489494,,1.7134,,1270.6171,,2.0664,,1501.2681,0.0,1.0,0.0
40,2022-12-14T00:19:30.000-0300,106766142.98605499,313.8683723,51104791.05536,50436797.3613,51730042.857661,,307.29787,307.24568,306.68347,,,,,,0.0685138702392578,1.0,0.0,1.0,0.0,0.0,21361162.961593,21208583.5497725,,21234012.879688,21122715.443641,21147652.577793,63710029.489750005,52968880.569489494,,1.7134,,1270.6171,,2.0664,,1501.2681,0.0,1.0,0.0
41,2022-12-14T00:20:00.000-0300,106766142.98605499,313.91605,51105807.024299994,50439258.830450006,51730575.55488901,,307.3058876,307.2539963,306.68347,,,,,,0.06851404401991103,1.0,0.0,1.0,0.0,0.0,21361162.961593,21183154.121790502,,21234012.879688,21122715.443641,21147652.577793,63710029.489750005,52943945.887,,1.7134,,1270.6171,,2.0664,,1501.2681,0.0,1.0,0.0
42,2022-12-14T00:20:30.000-0300,106766142.98605499,313.91605,51105179.3987,50439029.452906504,51731363.42115,,307.31390999999996,307.2706245,306.6999229,,,,,,0.06851457807752823,1.0,0.0,1.0,0.0,0.0,21361162.961593,21183154.121790502,,21234012.879688,21122715.443641,21147652.577793,63747432.05285,52968880.569489494,,1.7134,,1270.6171,,2.0664,,1501.2681,0.0,1.0,0.0
43,2022-12-14T00:21:00.000-0300,106766142.98605499,313.8683723,51102404.11675,50443887.56925,51731730.778259,,307.32192999999995,307.2789368,306.7081474,,,,,,0.07052643669976129,1.0,0.0,1.0,0.0,0.0,21386595.4296365,21208583.5497725,,21234012.879688,21122715.443641,21147652.577793,63710029.489750005,52968880.569489494,,1.7134,,1270.6171,,2.0664,,1501.2681,0.0,1.0,0.0
44,2022-12-14T00:21:30.000-0300,106766142.98605499,313.91605,51112877.61895,50444410.459828,51732108.726550005,,307.3299469,307.28725,306.71637189999996,,,,,,0.06850944942898221,1.0,0.0,1.0,0.0,0.0,21361162.961593,21208583.5497725,,21208583.5497725,21122715.443641,21147652.577793,63747432.05285,52968880.569489494,,1.7134,,1270.6171,,2.0664,,1501.2681,0.0,1.0,0.0
45,2022-12-14T00:22:00.000-0300,106766142.98605499,313.8683723,51112207.138289504,50439430.446825005,51732808.136828,,307.3379654,307.28725,306.7245964,,,,,,0.06851104312472873,1.0,0.0,1.0,0.0,0.0,21361162.961593,21208583.5497725,,21234012.879688,21122715.443641,21147652.577793,63747432.05285,52968880.569489494,,1.7134,,1270.6171,,2.0664,,1501.2681,0.0,1.0,0.0
46,2022-12-14T00:22:30.000-0300,106766142.98605499,313.8683723,51104174.609341,50442117.9592575,51733481.65755001,,307.34598389999996,307.29555999999997,306.73281999999995,,,,,,0.0705249743991428,1.0,0.0,1.0,0.0,0.0,21361162.961593,21208583.5497725,,21234012.879688,21122715.443641,21147652.577793,63747432.05285,52968880.569489494,,1.7134,,1270.6171,,2.0664,,1501.2681,0.0,1.0,0.0
47,2022-12-14T00:23:00.000-0300,106766142.98605499,313.8683723,51108322.5280915,50445446.8266,51733897.459510006,,307.354,307.3038734,306.74104539999996,,,,,,0.07052132076687283,1.0,0.0,1.0,0.0,0.0,21361162.961593,21208583.5497725,,21234012.879688,21122715.443641,21147652.577793,63747432.05285,52993828.196757,,1.7134,,1270.6171,,2.0664,,1501.2681,0.0,1.0,0.0
48,2022-12-14T00:23:30.000-0300,106766142.98605499,313.8683723,51103747.6278,50440484.661699995,51734197.543000005,,307.3620171,307.31217999999996,306.7492661,,,,,,0.07052224053276909,1.0,0.0,1.0,0.0,0.0,21361162.961593,21208583.5497725,,21234012.879688,21122715.443641,21147652.577793,63747432.05285,52968880.569489494,,1.7134,,1270.6171,,2.0664,,1501.2681,0.0,1.0,0.0
49,2022-12-14T00:24:00.000-0300,106766142.98605499,313.91605,51118647.5576105,50446094.065500006,51734707.4888,,307.37003,307.3288025,306.76570999999996,,,,,,0.07052242279052734,1.0,0.0,1.0,0.0,0.0,21361162.961593,21208583.5497725,,21183154.121790502,21122715.443641,21147652.577793,63747432.05285,52993828.196757,,1.7134,,1270.6171,,2.0664,,1501.2681,0.0,1.0,0.0
50,2022-12-14T00:24:30.000-0300,106766142.98605499,313.8683723,51099769.266028,50443985.635749996,51735050.72155,,307.37003,307.33711,306.77392999999995,,,,,,0.07052205403645834,1.0,0.0,1.0,0.0,0.0,21361162.961593,21208583.5497725,,21208583.5497725,21122715.443641,21147652.577793,63747432.05285,52993828.196757,,1.7134,,1270.6171,,2.0664,,1501.2681,0.0,1.0,0.0
51,2022-12-14T00:25:00.000-0300,106766142.98605499,313.91605,51112039.54264101,50444368.0951,51735452.7942,,307.37805,307.34542,306.78215259999996,,,,,,0.06850856357150607,1.0,0.0,1.0,0.0,0.0,21361162.961593,21208583.5497725,,21208583.5497725,21122715.443641,21172589.711945,63747432.05285,52993828.196757,,1.7134,,1270.6171,,2.0664,,1501.2681,0.0,1.0,0.0
52,2022-12-14T00:25:30.000-0300,106766142.98605499,313.8683723,51110553.442899995,50448049.60957651,51736136.121572,,307.38606489999995,307.3537277,306.7903732,,,,,,0.07053080240885416,1.0,0.0,1.0,0.0,0.0,21361162.961593,21208583.5497725,,21208583.5497725,21122715.443641,21147652.577793,63784848.149127,53043693.442943,,1.7134,,1270.6171,,2.0664,,1501.2681,0.0,1.0,0.0
53,2022-12-14T00:26:00.000-0300,106766142.98605499,313.8683723,51108376.3666,50446421.5095435,51737105.705057494,,307.39408,307.3537277,306.79859389999996,,,,,,0.06852092742919921,1.0,0.0,1.0,0.0,0.0,21361162.961593,21208583.5497725,,21208583.5497725,21122715.443641,21147652.577793,63784848.149127,53043693.442943,,1.7134,,1270.6171,,2.0664,,1501.2681,0.0,1.0,0.0
54,2022-12-14T00:26:30.000-0300,106766142.98605499,313.8683723,51111965.6005,50445403.9715395,51737708.3237,,307.4020943,307.36203609999995,306.81503,,,,,,0.07053407033284505,1.0,0.0,1.0,0.0,0.0,21386595.4296365,21183154.121790502,,21234012.879688,21122715.443641,21147652.577793,63747432.05285,53018760.81985,,1.7134,,1270.6171,,2.0664,,1501.2681,0.0,1.0,0.0
55,2022-12-14T00:27:00.000-0300,106766142.98605499,313.8683723,51123782.61375,50448643.7945,51738012.32985,,307.41011,307.3703445,306.8232521,,,,,,0.07052606794569227,1.0,0.0,1.0,0.0,0.0,21361162.961593,21208583.5497725,,21234012.879688,21122715.443641,21147652.577793,63747432.05285,53018760.81985,,1.7134,,1270.6171,,2.0664,,1501.2681,0.0,1.0,0.0
56,2022-12-14T00:27:30.000-0300,106766142.98605499,313.91605,51110076.251311,50444715.642776005,51738596.119724505,,307.41812,307.37865,306.8232521,,,,,,0.0685055457221137,1.0,0.0,1.0,0.0,0.0,21361162.961593,21208583.5497725,,21234012.879688,21122715.443641,21172589.711945,63747432.05285,53018760.81985,,1.7134,,1270.6171,,2.0664,,1501.2681,0.0,1.0,0.0
57,2022-12-14T00:28:00.000-0300,106766142.98605499,313.8683723,51117109.286491506,50450258.263289504,51739669.6537,,307.4261345,307.38695759999996,306.8396858,,,,,,0.07052333407931857,1.0,0.0,1.0,0.0,0.0,21335733.533611,21208583.5497725,,21234012.879688,21122715.443641,21147652.577793,63747432.05285,53018760.81985,,1.7134,,1270.6171,,2.0664,,1501.2681,0.0,1.0,0.0
58,2022-12-14T00:28:30.000-0300,106766142.98605499,313.8683723,51105359.7429935,50448967.413949996,51739493.134,,307.4261345,307.39526209999997,306.84790269999996,,,,,,0.07053188747829861,1.0,0.0,1.0,0.0,0.0,21361162.961593,21208583.5497725,,21234012.879688,21122715.443641,21147652.577793,63784848.149127,53068640.972144,,1.7134,,1270.6171,,2.0664,,1501.2681,0.0,1.0,0.0
59,2022-12-14T00:29:00.000-0300,106766142.98605499,313.8683723,51107705.984005995,50451929.02225,51740101.1463,,307.4341454,307.4035667,306.85612,,,,,,0.07053025563557944,1.0,0.0,1.0,0.0,0.0,21361162.961593,21208583.5497725,,21208583.5497725,21122715.443641,21147652.577793,63784848.149127,53018760.81985,,1.7134,,1270.6171,,2.0664,,1501.2681,0.0,1.0,0.0
60,2022-12-14T00:29:30.000-0300,106766142.98605499,313.91605,51112563.80615,50451203.33015,51740777.80515,,307.4341454,307.4035667,306.87255,,,,,,0.06851846059163412,1.0,0.0,1.0,0.0,0.0,21361162.961593,21208583.5497725,,21234012.879688,21122715.443641,21147652.577793,63747432.05285,53018760.81985,,1.7134,,1270.6171,,2.0664,,1501.2681,0.0,1.0,0.0
61,2022-12-14T00:30:00.000-0300,106766142.98605499,313.91605,51101397.2679945,50445956.77240001,51740934.71155,,307.44216,307.4035667,306.8807663,,,,,,0.07053443060980903,1.0,0.0,1.0,0.0,0.0,21361162.961593,21208583.5497725,,21234012.879688,21122715.443641,21147652.577793,63747432.05285,53018760.81985,,1.7134,,1270.6171,,2.0664,,1501.2681,0.0,1.0,0.0
62,2022-12-14T00:30:30.000-0300,106766142.98605499,313.8683723,51109749.2976,50455297.998791,51741439.263692506,,307.44216,307.41186999999996,306.88897999999995,,,,,,0.07052569919162326,1.0,0.0,1.0,0.0,0.0,21361162.961593,21208583.5497725,,21234012.879688,21122715.443641,21147652.577793,63747432.05285,53043693.442943,,1.7134,,1270.6171,,2.0664,,1501.2681,0.0,1.0,0.0
63,2022-12-14T00:31:00.000-0300,106766142.98605499,313.8683723,51118198.60917349,50448708.0280575,51742307.64255,,307.45016999999996,307.4201759,306.8971924,,,,,,0.07052077399359809,1.0,0.0,1.0,0.0,0.0,21335733.533611,21183154.121790502,,21234012.879688,21122715.443641,21147652.577793,63747432.05285,53043693.442943,,1.7134,,1270.6171,,2.0664,,1501.2681,0.0,1.0,0.0
64,2022-12-14T00:31:30.000-0300,106766142.98605499,313.8683723,51113907.317200005,50453885.448924996,51742513.5822,,307.45817999999997,307.4284767,306.90540539999995,,,,,,0.07051876915825737,1.0,0.0,1.0,0.0,0.0,21361162.961593,21208583.5497725,,21208583.5497725,21122715.443641,21147652.577793,63747432.05285,53043693.442943,,1.7134,,1270.6171,,2.0664,,1501.2681,0.0,1.0,0.0
65,2022-12-14T00:32:00.000-0300,106766142.98605499,313.91605,51122086.0633,50454341.45815,51743101.981199995,,307.45817999999997,307.4284767,306.90540539999995,,,,,,0.07052552117241753,1.0,0.0,1.0,0.0,0.0,21361162.961593,21183154.121790502,,21234012.879688,21122715.443641,21147652.577793,63747432.05285,53043693.442943,,1.7134,,1270.6171,,2.0664,,1501.2681,0.0,1.0,0.0
66,2022-12-14T00:32:30.000-0300,106766142.98605499,313.91605,51111566.66597801,50454900.4372,51743837.47995,,307.4661926,307.43678,306.92183,,,,,,0.06851369222005209,1.0,0.0,1.0,0.0,0.0,21361162.961593,21208583.5497725,,21183154.121790502,21122715.443641,21147652.577793,63784848.149127,53068640.972144,,1.7134,,1270.6171,,2.0664,,1501.2681,0.0,1.0,0.0
67,2022-12-14T00:33:00.000-0300,106766142.98605499,313.8683723,51108052.747150004,50455018.117000006,51744749.498399995,,307.4742,307.4450821,306.93003999999996,,,,,,0.07052989112006293,1.0,0.0,1.0,0.0,0.0,21361162.961593,21183154.121790502,,21234012.879688,21122715.443641,21147652.577793,63784848.149127,53068640.972144,,1.7134,,1270.6171,,2.0664,,1501.2681,0.0,1.0,0.0
68,2022-12-14T00:33:30.000-0300,106766142.98605499,313.8683723,51116123.62010001,50454988.69705,51744892.871623,,307.48221,307.45338669999995,306.9382538,,,,,,0.07053170522054036,1.0,0.0,1.0,0.0,0.0,21361162.961593,21208583.5497725,,21208583.5497725,21122715.443641,21147652.577793,63747432.05285,53068640.972144,,1.7134,,1270.6171,,2.0664,,1501.2681,0.0,1.0,0.0
69,2022-12-14T00:34:00.000-0300,106766142.98605499,313.8683723,51103605.9217075,50456793.12065001,51745239.8309,,307.48221,307.45338669999995,306.9382538,,,,,,0.07053334554036458,1.0,0.0,1.0,0.0,0.0,21361162.961593,21208583.5497725,,21208583.5497725,21122715.443641,21172589.711945,63784848.149127,53093575.7527,,1.7134,,1270.6171,,2.0664,,1501.2681,0.0,1.0,0.0
70,2022-12-14T00:34:30.000-0300,106766142.98605499,313.8683723,51113613.117699996,50456698.6826105,51745867.456499994,,307.49823,307.46999,306.946463,,,,,,0.06851598951551649,1.0,0.0,1.0,0.0,0.0,21361162.961593,21208583.5497725,,21234012.879688,21122715.443641,21147652.577793,63784848.149127,53068640.972144,,1.7134,,1270.6171,,2.0664,,1501.2681,0.0,1.0,0.0
71,2022-12-14T00:35:00.000-0300,106766142.98605499,313.91605,51110837.835750006,50456309.5547385,51746658.558955505,,307.5062355,307.47828999999996,306.9546722,,,,,,0.06851598951551649,1.0,0.0,1.0,0.0,0.0,21361162.961593,21208583.5497725,,21234012.879688,21122715.443641,21147652.577793,63784848.149127,53093575.7527,,1.7134,,1270.6171,,2.0664,,1501.2681,0.0,1.0,0.0
72,2022-12-14T00:35:30.000-0300,106766142.98605499,313.91605,51114260.3566,50453723.639199995,51746955.99465,,307.5142426,307.49488679999996,306.96288,,,,,,0.0705204094780816,1.0,0.0,1.0,0.0,0.0,21361162.961593,21208583.5497725,,21208583.5497725,21122715.443641,21147652.577793,63784848.149127,53093575.7527,,1.7134,,1270.6171,,2.0664,,1501.2681,0.0,1.0,0.0
73,2022-12-14T00:36:00.000-0300,106766142.98605499,313.8683723,51124880.958550006,50458332.764699996,51748107.099227004,,307.5302567,307.5114845,306.97109,,,,,,0.0705204094780816,1.0,0.0,1.0,0.0,0.0,21361162.961593,21208583.5497725,,21234012.879688,21122715.443641,21147652.577793,63747432.05285,53093575.7527,,1.7134,,1270.6171,,2.0664,,1501.2681,0.0,1.0,0.0
74,2022-12-14T00:36:30.000-0300,106766142.98605499,313.8683723,51115726.646908,50458872.130449995,51748029.234426,,307.55427399999996,307.52808,306.97929999999997,,,,,,0.07052752600775825,1.0,0.0,1.0,0.0,0.0,21361162.961593,21208583.5497725,,21234012.879688,21122715.443641,21147652.577793,63784848.149127,53093575.7527,,1.7134,,1270.6171,,2.0664,,1501.2681,0.0,1.0,0.0
75,2022-12-14T00:37:00.000-0300,106766142.98605499,313.8683723,51116774.0951945,50456710.6467235,51748946.744600005,,307.5782875,307.55296549999997,306.98751,,,,,,0.06851245880126954,1.0,0.0,1.0,0.0,0.0,21361162.961593,21208583.5497725,,21234012.879688,21122715.443641,21147652.577793,63784848.149127,53093575.7527,,1.7134,,1270.6171,,2.0664,,1501.2681,0.0,1.0,0.0
76,2022-12-14T00:37:30.000-0300,106766142.98605499,313.8683723,51113387.56475,50457352.0997,51749084.0377,,307.6022934,307.57784999999996,306.98751,,,,,,0.06851546393500434,1.0,0.0,1.0,0.0,0.0,21361162.961593,21208583.5497725,,21234012.879688,21122715.443641,21147652.577793,63747432.05285,53093575.7527,,1.7134,,1270.6171,,2.0664,,1501.2681,0.0,1.0,0.0
77,2022-12-14T00:38:00.000-0300,106766142.98605499,313.8683723,51113116.90121,50462343.68455,51749966.6362,,307.6342949,307.60272999999995,306.9957146,,,,,,0.06851651933458117,1.0,0.0,1.0,0.0,0.0,21361162.961593,21208583.5497725,,21234012.879688,21122715.443641,21147652.577793,63784848.149127,53093575.7527,,1.7134,,1270.6171,,2.0664,,1501.2681,0.0,1.0,0.0
78,2022-12-14T00:38:30.000-0300,106766142.98605499,313.8683723,51120281.639699996,50461157.079900004,51749824.930107504,,307.66629259999996,307.61931,307.0039238,,,,,,0.07052970886230468,1.0,0.0,1.0,0.0,0.0,21361162.961593,21208583.5497725,,21234012.879688,21122715.443641,21147652.577793,63784848.149127,53093575.7527,,1.7134,,1270.6171,,2.0664,,1501.2681,0.0,1.0,0.0
79,2022-12-14T00:39:00.000-0300,106766142.98605499,313.91605,51112024.4404,50460588.2942,51751177.6594085,,307.7062744,307.6690468,307.01212999999996,,,,,,0.07052952236599391,1.0,0.0,1.0,0.0,0.0,21386595.4296365,21183154.121790502,,21234012.879688,21122715.443641,21147652.577793,63784848.149127,53143447.86354101,,1.7134,,1270.6171,,2.0664,,1501.2681,0.0,1.0,0.0
80,2022-12-14T00:39:30.000-0300,106766142.98605499,313.8683723,51123557.0608,50462039.6784,51751195.605578,,307.7462448,307.71047999999996,307.02033459999996,,,,,,0.07052970886230468,1.0,0.0,1.0,0.0,0.0,21361162.961593,21208583.5497725,,21234012.879688,21122715.443641,21147652.577793,63784848.149127,53118514.06365,,1.7134,,1270.6171,,2.0664,,1501.2681,0.0,1.0,0.0
81,2022-12-14T00:40:00.000-0300,106766142.98605499,313.91605,51131696.580299996,50460539.26095,51752222.1657,,307.78620379999995,307.7519,307.02853999999996,,,,,,0.07053116268581815,1.0,0.0,1.0,0.0,0.0,21361162.961593,21208583.5497725,,21234012.879688,21122715.443641,21147652.577793,63747432.05285,53143447.86354101,,1.7134,,1270.6171,,2.0664,,1501.2681,0.0,1.0,0.0
82,2022-12-14T00:40:30.000-0300,106766142.98605499,313.91605,51131696.580299996,50460539.26095,51752222.1657,,307.78620379999995,307.7519,307.02853999999996,,,,,,0.07052897983127168,1.0,0.0,1.0,0.0,0.0,21361162.961593,21208583.5497725,,21234012.879688,21122715.443641,21147652.577793,63784848.149127,53118514.06365,,1.7134,,1270.6171,,2.0664,,1501.2681,0.0,1.0,0.0
83,2022-12-14T00:41:00.000-0300,106766142.98605499,313.8683723,51124357.675706,50462637.88405,51752650.127905995,,307.87406769999996,307.8429779,307.05315249999995,,,,,,0.06851263258192275,1.0,0.0,1.0,0.0,0.0,21361162.961593,21208583.5497725,,21234012.879688,21122715.443641,21147652.577793,63784848.149127,53143447.86354101,,1.7134,,1270.6171,,2.0664,,1501.2681,0.0,1.0,0.0
84,2022-12-14T00:41:30.000-0300,106766142.98605499,313.8683723,51131055.5195895,50458081.322193995,51753624.51665,,307.92995299999995,307.8926262,307.06135789999996,,,,,,0.06851422203911675,1.0,0.0,1.0,0.0,0.0,21386595.4296365,21183154.121790502,,21234012.879688,21122715.443641,21147652.577793,63747432.05285,53143447.86354101,,1.7134,,1270.6171,,2.0664,,1501.2681,0.0,1.0,0.0
85,2022-12-14T00:42:00.000-0300,106766142.98605499,313.8683723,51126727.943011,50462797.928578,51753895.082123496,,307.97783,307.94226,307.07775999999996,,,,,,0.07052952236599391,1.0,0.0,1.0,0.0,0.0,21361162.961593,21208583.5497725,,21234012.879688,21122715.443641,21147652.577793,63784848.149127,53168395.392742,,1.7134,,1270.6171,,2.0664,,1501.2681,0.0,1.0,0.0
86,2022-12-14T00:42:30.000-0300,106766142.98605499,313.91605,51119677.0597275,50467354.882699996,51754278.1298725,,308.0256943,308.00014,307.0941643,,,,,,0.07052770826551648,1.0,0.0,1.0,0.0,0.0,21361162.961593,21208583.5497725,,21234012.879688,21122715.443641,21147652.577793,63784848.149127,53168395.392742,,1.7134,,1270.6171,,2.0664,,1501.2681,0.0,1.0,0.0
87,2022-12-14T00:43:00.000-0300,106766142.98605499,313.91605,51119677.0597275,50467354.882699996,51754278.1298725,,308.0256943,308.00014,307.0941643,,,,,,0.06851192898220486,1.0,0.0,1.0,0.0,0.0,21361162.961593,21208583.5497725,,21234012.879688,21122715.443641,21147652.577793,63747432.05285,53143447.86354101,,1.7134,,1270.6171,,2.0664,,1501.2681,0.0,1.0,0.0
88,2022-12-14T00:43:30.000-0300,106766142.98605499,313.8683723,51124806.624143004,50461971.031849995,51755415.407073006,,308.13730999999996,308.1158241,307.1351646,,,,,,0.07052733951144748,1.0,0.0,1.0,0.0,0.0,21361162.961593,21208583.5497725,,21208583.5497725,21122715.443641,21147652.577793,63784848.149127,53168395.392742,,1.7134,,1270.6171,,2.0664,,1501.2681,0.0,1.0,0.0
89,2022-12-14T00:44:00.000-0300,106766142.98605499,313.8683723,51130519.7823,50463814.682050005,51755487.78015,,308.20104,308.18188319999996,307.15155999999996,,,,,,0.07052733951144748,1.0,0.0,1.0,0.0,0.0,21361162.961593,21208583.5497725,,21234012.879688,21122715.443641,21147652.577793,63784848.149127,53168395.392742,,1.7134,,1270.6171,,2.0664,,1501.2681,0.0,1.0,0.0
90,2022-12-14T00:44:30.000-0300,106766142.98605499,313.91605,51126244.082899995,50464378.0740925,51756307.223824,,308.2567848,308.2396568,307.1843437,,,,,,0.0705249743991428,1.0,0.0,1.0,0.0,0.0,21361162.961593,21208583.5497725,,21234012.879688,21122715.443641,21147652.577793,63784848.149127,53168395.392742,,1.7134,,1270.6171,,2.0664,,1501.2681,0.0,1.0,0.0
91,2022-12-14T00:45:00.000-0300,106766142.98605499,313.91605,51127871.9868,50466992.036649995,51756703.804749995,,308.32045999999997,308.3056549,307.20892999999995,,,,,,0.06851015302870009,1.0,0.0,1.0,0.0,0.0,21361162.961593,21183154.121790502,,21234012.879688,21122715.443641,21147652.577793,63747432.05285,53168395.392742,,1.7134,,1270.6171,,2.0664,,1501.2681,0.0,1.0,0.0
92,2022-12-14T00:45:30.000-0300,106766142.98605499,313.91605,51127871.9868,50466992.036649995,51756703.804749995,,308.32045999999997,308.3056549,307.20892999999995,,,,,,0.07052716149224175,1.0,0.0,1.0,0.0,0.0,21361162.961593,21183154.121790502,,21234012.879688,21122715.443641,21147652.577793,63784848.149127,53168395.392742,,1.7134,,1270.6171,,2.0664,,1501.2681,0.0,1.0,0.0
93,2022-12-14T00:46:00.000-0300,106766142.98605499,313.91605,51135256.39425,50465001.286699995,51757400.0769,,308.447718,308.42931,307.25807999999995,,,,,,0.07052661471896701,1.0,0.0,1.0,0.0,0.0,21361162.961593,21208583.5497725,,21234012.879688,21122715.443641,21147652.577793,63784848.149127,53168395.392742,,1.7134,,1270.6171,,2.0664,,1501.2681,0.0,1.0,0.0
94,2022-12-14T00:46:30.000-0300,106766142.98605499,313.8683723,51122502.1594595,50467155.3173725,51757968.8626,,308.5112976,308.4952072,307.29084,,,,,,0.0685103268093533,1.0,0.0,1.0,0.0,0.0,21361162.961593,21208583.5497725,,21234012.879688,21122715.443641,21172589.711945,63784848.149127,53168395.392742,,1.7134,,1270.6171,,2.0664,,1501.2681,0.0,1.0,0.0
95,2022-12-14T00:47:00.000-0300,106766142.98605499,313.91605,51122502.1594595,50467155.3173725,51758331.70865,,308.5112976,308.4952072,307.29084,,,,,,0.06850909339057075,1.0,0.0,1.0,0.0,0.0,21361162.961593,21208583.5497725,,21234012.879688,21122715.443641,21147652.577793,63784848.149127,53193328.99650001,,1.7134,,1270.6171,,2.0664,,1501.2681,0.0,1.0,0.0
96,2022-12-14T00:47:30.000-0300,106766142.98605499,313.8683723,51135305.427499995,50470679.33705,51758964.825973995,,308.64630739999996,308.6269058,307.36451569999997,,,,,,0.06851086934407552,1.0,0.0,1.0,0.0,0.0,21361162.961593,21183154.121790502,,21234012.879688,21122715.443641,21147652.577793,63784848.149127,53193328.99650001,,1.7134,,1270.6171,,2.0664,,1501.2681,0.0,1.0,0.0
97,2022-12-14T00:48:00.000-0300,106766142.98605499,313.8683723,51135305.427499995,50470679.33705,51758964.825973995,,308.64630739999996,308.6269058,307.36451569999997,,,,,,0.06851015302870009,1.0,0.0,1.0,0.0,0.0,21361162.961593,21183154.121790502,,21234012.879688,21122715.443641,21147652.577793,63784848.149127,53193328.99650001,,1.7134,,1270.6171,,2.0664,,1501.2681,0.0,1.0,0.0
98,2022-12-14T00:48:30.000-0300,106766142.98605499,313.8683723,51129990.2232,50473346.74585,51759969.4192,,308.74152,308.7338165,307.45450999999997,,,,,,0.06850838555230035,1.0,0.0,1.0,0.0,0.0,21335733.533611,21208583.5497725,,21234012.879688,21122715.443641,21147652.577793,63747432.05285,53193328.99650001,,1.7134,,1270.6171,,2.0664,,1501.2681,0.0,1.0,0.0
99,2022-12-14T00:49:00.000-0300,106766142.98605499,313.8683723,51129966.098841,50472859.551478,51759982.363978,,308.80495679999996,308.7995628,307.4953941,,,,,,0.0705238766140408,1.0,0.0,1.0,0.0,0.0,21335733.533611,21208583.5497725,,21234012.879688,21122715.443641,21147652.577793,63747432.05285,53193328.99650001,,1.7134,,1270.6171,,2.0664,,1501.2681,0.0,1.0,0.0
100,2022-12-14T00:49:30.000-0300,106766142.98605499,313.91605,51140110.686000004,50464270.299009,51760856.2345595,,308.8762878,308.86527479999995,307.54444,,,,,,0.07052552117241753,1.0,0.0,1.0,0.0,0.0,21361162.961593,21183154.121790502,,21234012.879688,21122715.443641,21147652.577793,63784848.149127,53218260.638928,,1.7134,,1270.6171,,2.0664,,1501.2681,0.0,1.0,0.0
101,2022-12-14T00:50:00.000-0300,106766142.98605499,313.91605,51135648.66025,50469169.11295,51761293.31695,,308.9396576,308.9309525,307.59346619999997,,,,,,0.07052588992648655,1.0,0.0,1.0,0.0,0.0,21361162.961593,21183154.121790502,,21234012.879688,21122715.443641,21147652.577793,63784848.149127,53193328.99650001,,1.7134,,1270.6171,,2.0664,,1501.2681,0.0,1.0,0.0
102,2022-12-14T00:50:30.000-0300,106766142.98605499,313.8683723,51140699.085,50472218.9811,51761682.248689,,309.0029968,309.0048,307.62613999999996,,,,,,0.07052351633707682,1.0,0.0,1.0,0.0,0.0,21361162.961593,21208583.5497725,,21234012.879688,21122715.443641,21147652.577793,63784848.149127,53193328.99650001,,1.7134,,1270.6171,,2.0664,,1501.2681,0.0,1.0,0.0
103,2022-12-14T00:51:00.000-0300,106766142.98605499,313.8683723,51136796.0383,50473625.646975994,51762097.46225,,309.04256669999995,309.03761,307.67513499999995,,,,,,0.07253865559895833,1.0,0.0,1.0,0.0,0.0,21361162.961593,21208583.5497725,,21234012.879688,21122715.443641,21147652.577793,63747432.05285,53218260.638928,,1.7134,,1270.6171,,2.0664,,1501.2681,0.0,1.0,0.0
104,2022-12-14T00:51:30.000-0300,106766142.98605499,313.8683723,51140287.2057,50473307.51925,51762975.05935851,,309.1374878,309.13598479999996,307.75675429999995,,,,,,0.06851068284776475,1.0,0.0,1.0,0.0,0.0,21361162.961593,21208583.5497725,,21234012.879688,21122715.443641,21147652.577793,63784848.149127,53193328.99650001,,1.7134,,1270.6171,,2.0664,,1501.2681,0.0,1.0,0.0
105,2022-12-14T00:52:00.000-0300,106766142.98605499,313.8683723,51136158.60605001,50469777.125250004,51762940.83415,,309.16911539999995,309.16875999999996,307.78123,,,,,,0.06850997924804687,1.0,0.0,1.0,0.0,0.0,21361162.961593,21208583.5497725,,21234012.879688,21122715.443641,21147652.577793,63784848.149127,53193328.99650001,,1.7134,,1270.6171,,2.0664,,1501.2681,0.0,1.0,0.0
106,2022-12-14T00:52:30.000-0300,106766142.98605499,313.91605,51137537.813306,50475210.009349994,51763539.039799996,,309.23233999999997,309.23429,307.83831999999995,,,,,,0.06649256812201607,1.0,0.0,1.0,0.0,0.0,21361162.961593,21183154.121790502,,21234012.879688,21122715.443641,21147652.577793,63784848.149127,53218260.638928,,1.7134,,1270.6171,,2.0664,,1501.2681,0.0,1.0,0.0
107,2022-12-14T00:53:00.000-0300,106766142.98605499,313.8683723,51132079.03965,50470447.311711006,51763705.752849996,,309.3034348,309.29978,307.89538799999997,,,,,,0.07052351633707682,1.0,0.0,1.0,0.0,0.0,21361162.961593,21183154.121790502,,21234012.879688,21122715.443641,21147652.577793,63747432.05285,53243205.61840001,,1.7134,,1270.6171,,2.0664,,1501.2681,0.0,1.0,0.0
108,2022-12-14T00:53:30.000-0300,106766142.98605499,313.8683723,51142630.99505,50469447.817943,51764232.0757555,,309.33501659999996,309.3325142,307.9279846,,,,,,0.07052569919162326,1.0,0.0,1.0,0.0,0.0,21361162.961593,21208583.5497725,,21234012.879688,21122715.443641,21147652.577793,63784848.149127,53218260.638928,,1.7134,,1270.6171,,2.0664,,1501.2681,0.0,1.0,0.0
109,2022-12-14T00:54:00.000-0300,106766142.98605499,313.8683723,51134403.2157,50471748.2619,51764986.2071405,,309.4297241,309.43066639999995,308.017588,,,,,,0.07052569919162326,1.0,0.0,1.0,0.0,0.0,21386595.4296365,21208583.5497725,,21234012.879688,21122715.443641,21147652.577793,63784848.149127,53243205.61840001,,1.7134,,1270.6171,,2.0664,,1501.2681,0.0,1.0,0.0
110,2022-12-14T00:54:30.000-0300,106766142.98605499,313.8683723,51145112.0775,50475852.24685851,51765667.082849994,,309.492823,309.4960579,308.0745758,,,,,,0.07052315182156033,1.0,0.0,1.0,0.0,0.0,21361162.961593,21208583.5497725,,21208583.5497725,21122715.443641,21147652.577793,63747432.05285,53243205.61840001,,1.7134,,1270.6171,,2.0664,,1501.2681,0.0,1.0,0.0
111,2022-12-14T00:55:00.000-0300,106766142.98605499,313.91605,51142130.8559,50478416.78389999,51765985.798975,,309.55589,309.56142,308.1396736,,,,,,0.07052296532524957,1.0,0.0,1.0,0.0,0.0,21361162.961593,21183154.121790502,,21234012.879688,21122715.443641,21147652.577793,63784848.149127,53218260.638928,,1.7134,,1270.6171,,2.0664,,1501.2681,0.0,1.0,0.0
112,2022-12-14T00:55:30.000-0300,106766142.98605499,313.8683723,51139365.3806,50481394.867372,51766506.53208999,,309.5874123,309.594088,308.16407619999995,,,,,,0.06851015302870009,1.0,0.0,1.0,0.0,0.0,21361162.961593,21208583.5497725,,21234012.879688,21122715.443641,21147652.577793,63784848.149127,53243205.61840001,,1.7134,,1270.6171,,2.0664,,1501.2681,0.0,1.0,0.0
113,2022-12-14T00:56:00.000-0300,106766142.98605499,313.8683723,51137447.984392,50479005.182900004,51767108.6604,,309.67406,309.6838821,308.2616447,,,,,,0.07052406311035156,1.0,0.0,1.0,0.0,0.0,21386595.4296365,21183154.121790502,,21208583.5497725,21122715.443641,21147652.577793,63747432.05285,53218260.638928,,1.7134,,1270.6171,,2.0664,,1501.2681,0.0,1.0,0.0
114,2022-12-14T00:56:30.000-0300,106766142.98605499,313.8683723,51138639.6885,50474994.26305,51767595.854772,,309.73704,309.74914779999995,308.32664719999997,,,,,,0.07052296532524957,1.0,0.0,1.0,0.0,0.0,21386595.4296365,21183154.121790502,,21208583.5497725,21122715.443641,21147652.577793,63784848.149127,53218260.638928,,1.7134,,1270.6171,,2.0664,,1501.2681,0.0,1.0,0.0
115,2022-12-14T00:57:00.000-0300,106766142.98605499,313.8683723,51143744.73629051,50478858.08315,51768092.659661,,309.7999863,309.8062271,308.38349999999997,,,,,,0.07052406311035156,1.0,0.0,1.0,0.0,0.0,21361162.961593,21208583.5497725,,21234012.879688,21122715.443641,21147652.577793,63784848.149127,53243205.61840001,,1.7134,,1270.6171,,2.0664,,1501.2681,0.0,1.0,0.0
116,2022-12-14T00:57:30.000-0300,106766142.98605499,313.91605,51147387.220300004,50479250.349149995,51768338.1201105,,309.83144999999996,309.8388351,308.415976,,,,,,0.06851086934407552,1.0,0.0,1.0,0.0,0.0,21361162.961593,21183154.121790502,,21234012.879688,21122715.443641,21147652.577793,63747432.05285,53268143.929349996,,1.7134,,1270.6171,,2.0664,,1501.2681,0.0,1.0,0.0
117,2022-12-14T00:58:00.000-0300,106766142.98605499,313.91605,51141444.3904,50473719.398550004,51768687.53105,,309.91792999999996,309.9284576,308.5133537,,,,,,0.07254034254286024,1.0,0.0,1.0,0.0,0.0,21361162.961593,21183154.121790502,,21208583.5497725,21122715.443641,21147652.577793,63784848.149127,53268143.929349996,,1.7134,,1270.6171,,2.0664,,1501.2681,0.0,1.0,0.0
118,2022-12-14T00:58:30.000-0300,106766142.98605499,313.8683723,51147573.54665,50478799.24325,51769354.38325,,309.98078999999996,309.98546,308.57822999999996,,,,,,0.07052315182156033,1.0,0.0,1.0,0.0,0.0,21361162.961593,21208583.5497725,,21208583.5497725,21122715.443641,21147652.577793,63784848.149127,53268143.929349996,,1.7134,,1270.6171,,2.0664,,1501.2681,0.0,1.0,0.0
119,2022-12-14T00:59:00.000-0300,106766142.98605499,313.91605,51144038.053192,50480956.706250004,51769883.94235,,310.01221,310.01802,308.6106552,,,,,,0.07052879757351345,1.0,0.0,1.0,0.0,0.0,21361162.961593,21183154.121790502,,21234012.879688,21122715.443641,21147652.577793,63747432.05285,53243205.61840001,,1.7134,,1270.6171,,2.0664,,1501.2681,0.0,1.0,0.0
120,2022-12-14T00:59:30.000-0300,106766142.98605499,313.8683723,51147171.47400001,50479672.035100006,51770462.5347,,310.0985664,310.10751999999997,308.71598659999995,,,,,,0.0705342525906033,1.0,0.0,1.0,0.0,0.0,21361162.961593,21183154.121790502,,21234012.879688,21122715.443641,21172589.711945,63747432.05285,53268143.929349996,,1.7134,,1270.6171,,2.0664,,1501.2681,0.0,1.0,0.0
121,2022-12-14T01:00:00.000-0300,106766142.98605499,313.91605,51147018.7844595,50476249.51425,51770462.5347,,310.12210999999996,310.13192,308.71598659999995,,,,,,0.06851899041069878,1.0,0.0,1.0,0.0,0.0,21361162.961593,21183154.121790502,,21234012.879688,21122715.443641,21147652.577793,63747432.05285,53268143.929349996,,1.7134,,1270.6171,,2.0664,,1501.2681,0.0,1.0,0.0
122,2022-12-14T01:00:30.000-0300,106766142.98605499,313.8683723,51146798.8213,50480754.3950605,51771403.97309999,,310.2083954,310.22134,308.845507,,,,,,0.06851333618164063,1.0,0.0,1.0,0.0,0.0,21361162.961593,21183154.121790502,,21208583.5497725,21122715.443641,21147652.577793,63747432.05285,53268143.929349996,,1.7134,,1270.6171,,2.0664,,1501.2681,0.0,1.0,0.0
123,2022-12-14T01:01:00.000-0300,106766142.98605499,313.8683723,51141591.49015,50486595.53,51772067.098773,,310.2632736,310.278212,308.91022,,,,,,0.07052315182156033,1.0,0.0,1.0,0.0,0.0,21361162.961593,21208583.5497725,,21234012.879688,21122715.443641,21147652.577793,63784848.149127,53268143.929349996,,1.7134,,1270.6171,,2.0664,,1501.2681,0.0,1.0,0.0
124,2022-12-14T01:01:30.000-0300,106766142.98605499,313.91605,51146082.93585,50486595.53,51772067.098773,,310.29462279999996,310.278212,308.91022,,,,,,0.07052315182156033,1.0,0.0,1.0,0.0,0.0,21361162.961593,21183154.121790502,,21234012.879688,21122715.443641,21147652.577793,63747432.05285,53268143.929349996,,1.7134,,1270.6171,,2.0664,,1501.2681,0.0,1.0,0.0
125,2022-12-14T01:02:00.000-0300,106766142.98605499,313.91605,51140889.6282095,50478338.3307,51772899.094959,,310.37296,310.38376459999995,309.03954,,,,,,0.07051840040418836,1.0,0.0,1.0,0.0,0.0,21361162.961593,21183154.121790502,,21234012.879688,21122715.443641,21147652.577793,63822256.792349994,53293082.24030001,,1.7134,,1270.6171,,2.0664,,1501.2681,0.0,1.0,0.0
126,2022-12-14T01:02:30.000-0300,106766142.98605499,313.91605,51142918.722161,50485931.815928,51773084.636777,,310.42776999999995,310.44056,309.07993,,,,,,0.07052224053276909,1.0,0.0,1.0,0.0,0.0,21361162.961593,21183154.121790502,,21234012.879688,21122715.443641,21147652.577793,63784848.149127,53293082.24030001,,1.7134,,1270.6171,,2.0664,,1501.2681,0.0,1.0,0.0
127,2022-12-14T01:03:00.000-0300,106766142.98605499,313.91605,51142918.722161,50485931.815928,51772988.8258065,,310.42776999999995,310.44056,309.11222999999995,,,,,,0.06851846059163412,1.0,0.0,1.0,0.0,0.0,21361162.961593,21208583.5497725,,21234012.879688,21122715.443641,21147652.577793,63784848.149127,53293082.24030001,,1.7134,,1270.6171,,2.0664,,1501.2681,0.0,1.0,0.0
128,2022-12-14T01:03:30.000-0300,106766142.98605499,313.8683723,51148754.659576,50482639.8215895,51774233.780024,,310.53731769999996,310.52166209999996,309.2010178,,,,,,0.07053678724500868,1.0,0.0,1.0,0.0,0.0,21361162.961593,21208583.5497725,,21234012.879688,21122715.443641,21147652.577793,63784848.149127,53293082.24030001,,1.7134,,1270.6171,,2.0664,,1501.2681,0.0,1.0,0.0
129,2022-12-14T01:04:00.000-0300,106766142.98605499,313.8683723,51166941.6804,50486422.63876049,51774777.4607,,310.56077799999997,310.57840189999996,309.26554999999996,,,,,,0.0705246098836263,1.0,0.0,1.0,0.0,0.0,21361162.961593,21183154.121790502,,21234012.879688,21122715.443641,21147652.577793,63747432.05285,53293082.24030001,,1.7134,,1270.6171,,2.0664,,1501.2681,0.0,1.0,0.0
130,2022-12-14T01:04:30.000-0300,106766142.98605499,313.8683723,51153418.310049996,50482918.03625,51775047.83004051,,310.6155075,310.6270164,309.33004999999997,,,,,,0.07052205403645834,1.0,0.0,1.0,0.0,0.0,21361162.961593,21208583.5497725,,21234012.879688,21122715.443641,21147652.577793,63822256.792349994,53293082.24030001,,1.7134,,1270.6171,,2.0664,,1501.2681,0.0,1.0,0.0
131,2022-12-14T01:05:00.000-0300,106766142.98605499,313.91605,51154859.887600005,50485575.6384,51775591.412650004,,310.6623978,310.68370999999996,309.39452,,,,,,0.07052187177870009,1.0,0.0,1.0,0.0,0.0,21361162.961593,21208583.5497725,,21234012.879688,21122715.443641,21147652.577793,63784848.149127,53293082.24030001,,1.7134,,1270.6171,,2.0664,,1501.2681,0.0,1.0,0.0
132,2022-12-14T01:05:30.000-0300,106766142.98605499,313.8683723,51156517.211449996,50489753.2713,51775712.230578,,310.69365,310.70799999999997,309.42674,,,,,,0.07052187177870009,1.0,0.0,1.0,0.0,0.0,21361162.961593,21208583.5497725,,21234012.879688,21122715.443641,21147652.577793,63784848.149127,53293082.24030001,,1.7134,,1270.6171,,2.0664,,1501.2681,0.0,1.0,0.0
133,2022-12-14T01:06:00.000-0300,106766142.98605499,313.91605,51161593.525756,50486340.557100005,51776660.3375,,310.7717461,310.78083999999996,309.51531,,,,,,0.06850997924804687,1.0,0.0,1.0,0.0,0.0,21361162.961593,21208583.5497725,,21234012.879688,21122715.443641,21147652.577793,63747432.05285,53293082.24030001,,1.7134,,1270.6171,,2.0664,,1501.2681,0.0,1.0,0.0
134,2022-12-14T01:06:30.000-0300,106766142.98605499,313.8683723,51144955.171100006,50491028.1358,51777477.9179105,,310.81858,310.8374657,309.5796875,,,,,,0.0685177527533637,1.0,0.0,1.0,0.0,0.0,21361162.961593,21183154.121790502,,21234012.879688,21122715.443641,21147652.577793,63784848.149127,53293082.24030001,,1.7134,,1270.6171,,2.0664,,1501.2681,0.0,1.0,0.0
135,2022-12-14T01:07:00.000-0300,106766142.98605499,313.8683723,51152025.76575,50481613.75179999,51776753.696808,,310.84198999999995,310.8617271,309.61186,,,,,,0.07053624471028645,1.0,0.0,1.0,0.0,0.0,21361162.961593,21183154.121790502,,21234012.879688,21122715.443641,21147652.577793,63747432.05285,53293082.24030001,,1.7134,,1270.6171,,2.0664,,1501.2681,0.0,1.0,0.0
136,2022-12-14T01:07:30.000-0300,106766142.98605499,313.8683723,51160577.16454999,50488605.89325,51777370.240893506,,310.8965973,310.91023479999996,309.66814999999997,,,,,,0.07053624471028645,1.0,0.0,1.0,0.0,0.0,21361162.961593,21208583.5497725,,21234012.879688,21122715.443641,21147652.577793,63784848.149127,53293082.24030001,,1.7134,,1270.6171,,2.0664,,1501.2681,0.0,1.0,0.0
137,2022-12-14T01:08:00.000-0300,106766142.98605499,313.91605,51155614.99965,50484824.54707651,51778494.18105,,310.9667725,310.98296,309.75655209999996,,,,,,0.07052478790283204,1.0,0.0,1.0,0.0,0.0,21361162.961593,21208583.5497725,,21234012.879688,21122715.443641,21147652.577793,63747432.05285,53293082.24030001,,1.7134,,1270.6171,,2.0664,,1501.2681,0.0,1.0,0.0
138,2022-12-14T01:08:30.000-0300,106766142.98605499,313.91605,51162214.875099994,50486781.856350005,51778798.1872,,310.9901566,311.007193,309.7886833,,,,,,0.06850749969482423,1.0,0.0,1.0,0.0,0.0,21361162.961593,21208583.5497725,,21234012.879688,21122715.443641,21147652.577793,63747432.05285,53293082.24030001,,1.7134,,1270.6171,,2.0664,,1501.2681,0.0,1.0,0.0
139,2022-12-14T01:09:00.000-0300,106766142.98605499,313.8683723,51152333.9887595,50487571.880074,51779582.71920001,,311.06806789999996,311.07178999999996,309.877005,,,,,,0.07052168528238933,1.0,0.0,1.0,0.0,0.0,21361162.961593,21208583.5497725,,21234012.879688,21122715.443641,21147652.577793,63747432.05285,53293082.24030001,,1.7134,,1270.6171,,2.0664,,1501.2681,0.0,1.0,0.0
140,2022-12-14T01:09:30.000-0300,106766142.98605499,313.91605,51158762.934300005,50488846.8426405,51779720.01230001,,311.1147942,311.12021999999996,309.9331764,,,,,,0.06851174672444661,1.0,0.0,1.0,0.0,0.0,21361162.961593,21208583.5497725,,21234012.879688,21122715.443641,21147652.577793,63784848.149127,53318027.02363901,,1.7134,,1270.6171,,2.0664,,1501.2681,0.0,1.0,0.0
141,2022-12-14T01:10:00.000-0300,106766142.98605499,313.8683723,51155193.3137,50492165.7072,51779979.888525,,311.13815,311.1444267,309.9652657,,,,,,0.06851493411593967,1.0,0.0,1.0,0.0,0.0,21361162.961593,21208583.5497725,,21234012.879688,21122715.443641,21147652.577793,63784848.149127,53293082.24030001,,1.7134,,1270.6171,,2.0664,,1501.2681,0.0,1.0,0.0
142,2022-12-14T01:10:30.000-0300,106766142.98605499,313.8683723,51154526.4615,50493077.725650005,51780656.253175505,,311.20041,311.20895609999997,310.04544999999996,,,,,,0.07053007337782118,1.0,0.0,1.0,0.0,0.0,21361162.961593,21183154.121790502,,21234012.879688,21122715.443641,21147652.577793,63747432.05285,53318027.02363901,,1.7134,,1270.6171,,2.0664,,1501.2681,0.0,1.0,0.0
143,2022-12-14T01:11:00.000-0300,106766142.98605499,313.91605,51163359.213088505,50484516.5202,51780867.39035001,,311.22375339999996,311.2331451,310.07750999999996,,,,,,0.0705313449435764,1.0,0.0,1.0,0.0,0.0,21361162.961593,21183154.121790502,,21234012.879688,21122715.443641,21147652.577793,63784848.149127,53318027.02363901,,1.7134,,1270.6171,,2.0664,,1501.2681,0.0,1.0,0.0
144,2022-12-14T01:11:30.000-0300,106766142.98605499,313.91605,51149466.2301,50492234.353750005,51781906.89525,,311.29375,311.2976326,310.15761999999995,,,,,,0.06851669311523437,1.0,0.0,1.0,0.0,0.0,21361162.961593,21208583.5497725,,21208583.5497725,21122715.443641,21147652.577793,63784848.149127,53342962.588727,,1.7134,,1270.6171,,2.0664,,1501.2681,0.0,1.0,0.0
145,2022-12-14T01:12:00.000-0300,106766142.98605499,313.8683723,51164421.37135,50491145.8156,51782210.9014,,311.31707229999995,311.3218063,310.1896538,,,,,,0.07053007337782118,1.0,0.0,1.0,0.0,0.0,21361162.961593,21208583.5497725,,21208583.5497725,21122715.443641,21147652.577793,63784848.149127,53342962.588727,,1.7134,,1270.6171,,2.0664,,1501.2681,0.0,1.0,0.0
146,2022-12-14T01:12:30.000-0300,106766142.98605499,313.8683723,51159259.15079,50492646.23305,51782544.3275,,311.37924799999996,311.38624799999997,310.2696976,,,,,,0.06851581149631077,1.0,0.0,1.0,0.0,0.0,21386595.4296365,21183154.121790502,,21234012.879688,21122715.443641,21147652.577793,63784848.149127,53318027.02363901,,1.7134,,1270.6171,,2.0664,,1501.2681,0.0,1.0,0.0
147,2022-12-14T01:13:00.000-0300,106766142.98605499,313.91605,51165202.765222,50494283.94360001,51782544.3275,,311.40255579999996,311.41040269999996,310.2696976,,,,,,0.07053225199381512,1.0,0.0,1.0,0.0,0.0,21386595.4296365,21183154.121790502,,21234012.879688,21122715.443641,21172589.711945,63784848.149127,53342962.588727,,1.7134,,1270.6171,,2.0664,,1501.2681,0.0,1.0,0.0
148,2022-12-14T01:13:30.000-0300,106766142.98605499,313.8683723,51158537.38135,50494102.030242495,51783779.965399995,,311.46468999999996,311.47479999999996,310.37368,,,,,,0.06851687113444012,1.0,0.0,1.0,0.0,0.0,21361162.961593,21183154.121790502,,21234012.879688,21122715.443641,21147652.577793,63784848.149127,53293082.24030001,,1.7134,,1270.6171,,2.0664,,1501.2681,0.0,1.0,0.0
149,2022-12-14T01:14:00.000-0300,106766142.98605499,313.91605,51162934.290943995,50494102.030242495,51783779.965399995,,311.4879822,311.47479999999996,310.37368,,,,,,0.07053043365478516,1.0,0.0,1.0,0.0,0.0,21361162.961593,21183154.121790502,,21234012.879688,21122715.443641,21147652.577793,63784848.149127,53342962.588727,,1.7134,,1270.6171,,2.0664,,1501.2681,0.0,1.0,0.0
150,2022-12-14T01:14:30.000-0300,106766142.98605499,313.8683723,51154065.54895,50496819.4529575,51783852.53461,,311.50350799999995,311.51503219999995,310.4296326,,,,,,0.06851546393500434,1.0,0.0,1.0,0.0,0.0,21361162.961593,21208583.5497725,,21234012.879688,21122715.443641,21147652.577793,63747432.05285,53342962.588727,,1.7134,,1270.6171,,2.0664,,1501.2681,0.0,1.0,0.0
151,2022-12-14T01:15:00.000-0300,106766142.98605499,313.91605,51156870.25085,50495957.546489,51784636.5762775,,311.54231,311.55525,310.4775757,,,,,,0.06851546393500434,1.0,0.0,1.0,0.0,0.0,21361162.961593,21208583.5497725,,21234012.879688,21122715.443641,21147652.577793,63784848.149127,53342962.588727,,1.7134,,1270.6171,,2.0664,,1501.2681,0.0,1.0,0.0
152,2022-12-14T01:15:30.000-0300,106766142.98605499,313.91605,51157085.997150004,50498804.80925,51785290.1895,,311.62764589999995,311.63565,310.58139,,,,,,0.06850785149468315,1.0,0.0,1.0,0.0,0.0,21361162.961593,21208583.5497725,,21234012.879688,21122715.443641,21147652.577793,63784848.149127,53342962.588727,,1.7134,,1270.6171,,2.0664,,1501.2681,0.0,1.0,0.0
153,2022-12-14T01:16:00.000-0300,106766142.98605499,313.8683723,51157085.997150004,50498804.80925,51785290.1895,,311.62764589999995,311.63565,310.58139,,,,,,0.06850785149468315,1.0,0.0,1.0,0.0,0.0,21361162.961593,21208583.5497725,,21234012.879688,21122715.443641,21147652.577793,63784848.149127,53342962.588727,,1.7134,,1270.6171,,2.0664,,1501.2681,0.0,1.0,0.0
154,2022-12-14T01:16:30.000-0300,106766142.98605499,313.91605,51166477.7277885,50493960.324149996,51785878.58849999,,311.6664146,311.67582999999996,310.6292747,,,,,,0.06850305769178602,1.0,0.0,1.0,0.0,0.0,21361162.961593,21183154.121790502,,21234012.879688,21122715.443641,21147652.577793,63784848.149127,53342962.588727,,1.7134,,1270.6171,,2.0664,,1501.2681,0.0,1.0,0.0
155,2022-12-14T01:17:00.000-0300,106766142.98605499,313.8683723,51158935.923606,50500338.961576,51786695.678578,,311.70516999999995,311.7159981,310.68512,,,,,,0.07052004496256511,1.0,0.0,1.0,0.0,0.0,21361162.961593,21183154.121790502,,21234012.879688,21122715.443641,21147652.577793,63784848.149127,53342962.588727,,1.7134,,1270.6171,,2.0664,,1501.2681,0.0,1.0,0.0
156,2022-12-14T01:17:30.000-0300,106766142.98605499,313.91605,51161950.09554999,50492994.76139101,51786617.813777,,311.74391399999996,311.74812549999996,310.73296589999995,,,,,,0.07052625020345052,1.0,0.0,1.0,0.0,0.0,21361162.961593,21183154.121790502,,21234012.879688,21122715.443641,21147652.577793,63784848.149127,53342962.588727,,1.7134,,1270.6171,,2.0664,,1501.2681,0.0,1.0,0.0
157,2022-12-14T01:18:00.000-0300,106766142.98605499,313.8683723,51168971.65695,50499922.76735,51787246.3219755,,311.78265,311.78826999999995,310.78079449999996,,,,,,0.0685113991631402,1.0,0.0,1.0,0.0,0.0,21386595.4296365,21208583.5497725,,21234012.879688,21122715.443641,21147652.577793,63747432.05285,53342962.588727,,1.7134,,1270.6171,,2.0664,,1501.2681,0.0,1.0,0.0
158,2022-12-14T01:18:30.000-0300,106766142.98605499,313.91605,51164490.017900005,50497559.3647,51787826.8756555,,311.8213676,311.82840189999996,310.82860789999995,,,,,,0.06851263258192275,1.0,0.0,1.0,0.0,0.0,21386595.4296365,21208583.5497725,,21234012.879688,21122715.443641,21147652.577793,63784848.149127,53342962.588727,,1.7134,,1270.6171,,2.0664,,1501.2681,0.0,1.0,0.0
159,2022-12-14T01:19:00.000-0300,106766142.98605499,313.91605,51172070.55835,50498687.12945,51788075.2781,,311.85233539999996,311.86050259999996,310.8764,,,,,,0.0664992650349935,1.0,0.0,1.0,0.0,0.0,21361162.961593,21208583.5497725,,21234012.879688,21122715.443641,21147652.577793,63784848.149127,53342962.588727,,1.7134,,1270.6171,,2.0664,,1501.2681,0.0,1.0,0.0
160,2022-12-14T01:19:30.000-0300,106766142.98605499,313.8683723,51165466.171841,50502212.423992,51788791.163550004,,311.8910355,311.90061,310.9241737,,,,,,0.07053007337782118,1.0,0.0,1.0,0.0,0.0,21386595.4296365,21208583.5497725,,21234012.879688,21122715.443641,21147652.577793,63784848.149127,53342962.588727,,1.7134,,1270.6171,,2.0664,,1501.2681,0.0,1.0,0.0
161,2022-12-14T01:20:00.000-0300,106766142.98605499,313.8683723,51166585.4048055,50499981.60725,51788938.263299994,,311.9297241,311.94070999999997,310.97193369999997,,,,,,0.06851333618164063,1.0,0.0,1.0,0.0,0.0,21386595.4296365,21208583.5497725,,21234012.879688,21122715.443641,21147652.577793,63747432.05285,53342962.588727,,1.7134,,1270.6171,,2.0664,,1501.2681,0.0,1.0,0.0
162,2022-12-14T01:20:30.000-0300,106766142.98605499,313.8683723,51162616.947749995,50503732.748941496,51789703.182,,311.96066509999997,311.97277679999996,311.01171719999996,,,,,,0.06851333618164063,1.0,0.0,1.0,0.0,0.0,21361162.961593,21208583.5497725,,21234012.879688,21122715.443641,21147652.577793,63784848.149127,53367892.269825004,,1.7134,,1270.6171,,2.0664,,1501.2681,0.0,1.0,0.0
163,2022-12-14T01:21:00.000-0300,106766142.98605499,313.91605,51162730.8029565,50503178.57515,51789850.28175,,311.99933,312.01285399999995,311.05944289999996,,,,,,0.07052897983127168,1.0,0.0,1.0,0.0,0.0,21386595.4296365,21208583.5497725,,21234012.879688,21122715.443641,21147652.577793,63747432.05285,53367892.269825004,,1.7134,,1270.6171,,2.0664,,1501.2681,0.0,1.0,0.0
164,2022-12-14T01:21:30.000-0300,106766142.98605499,313.91605,51170658.40075,50499138.23535,51790424.559174,,312.0302567,312.0449051,311.10715,,,,,,0.07052934434678819,1.0,0.0,1.0,0.0,0.0,21361162.961593,21208583.5497725,,21234012.879688,21122715.443641,21147652.577793,63747432.05285,53342962.588727,,1.7134,,1270.6171,,2.0664,,1501.2681,0.0,1.0,0.0
165,2022-12-14T01:22:00.000-0300,106766142.98605499,313.8683723,51171080.0867,50497765.304349996,51790993.2468075,,312.06890339999995,312.07694999999995,311.14689,,,,,,0.07052661471896701,1.0,0.0,1.0,0.0,0.0,21361162.961593,21183154.121790502,,21234012.879688,21122715.443641,21147652.577793,63784848.149127,53342962.588727,,1.7134,,1270.6171,,2.0664,,1501.2681,0.0,1.0,0.0
166,2022-12-14T01:22:30.000-0300,106766142.98605499,313.91605,51161288.24474151,50506222.755443,51791041.1032595,,312.09981,312.11699,311.1945671,,,,,,0.07052661471896701,1.0,0.0,1.0,0.0,0.0,21361162.961593,21183154.121790502,,21234012.879688,21122715.443641,21147652.577793,63747432.05285,53342962.588727,,1.7134,,1270.6171,,2.0664,,1501.2681,0.0,1.0,0.0
167,2022-12-14T01:23:00.000-0300,106766142.98605499,313.8683723,51165543.9385755,50503134.151025504,51791703.73860001,,312.1384377,312.1490158,311.2342819,,,,,,0.06851227654351129,1.0,0.0,1.0,0.0,0.0,21361162.961593,21208583.5497725,,21234012.879688,21122715.443641,21147652.577793,63784848.149127,53342962.588727,,1.7134,,1270.6171,,2.0664,,1501.2681,0.0,1.0,0.0
168,2022-12-14T01:23:30.000-0300,106766142.98605499,313.91605,51171354.6729,50501580.0912,51791841.03170001,,312.16932529999997,312.1810326,311.2819237,,,,,,0.07052569919162326,1.0,0.0,1.0,0.0,0.0,21361162.961593,21208583.5497725,,21208583.5497725,21122715.443641,21147652.577793,63784848.149127,53367892.269825004,,1.7134,,1270.6171,,2.0664,,1501.2681,0.0,1.0,0.0
169,2022-12-14T01:24:00.000-0300,106766142.98605499,313.91605,51174450.3381055,50502698.0493,51792788.8444225,,312.20020999999997,312.21304,311.32160999999996,,,,,,0.07052515241834853,1.0,0.0,1.0,0.0,0.0,21361162.961593,21208583.5497725,,21208583.5497725,21122715.443641,21147652.577793,63784848.149127,53342962.588727,,1.7134,,1270.6171,,2.0664,,1501.2681,0.0,1.0,0.0
170,2022-12-14T01:24:30.000-0300,106766142.98605499,313.91605,51168752.184123,50500471.93975,51792458.850650005,,312.21565,312.2290443,311.3454155,,,,,,0.07052515241834853,1.0,0.0,1.0,0.0,0.0,21361162.961593,21208583.5497725,,21234012.879688,21122715.443641,21147652.577793,63784848.149127,53342962.588727,,1.7134,,1270.6171,,2.0664,,1501.2681,0.0,1.0,0.0
171,2022-12-14T01:25:00.000-0300,106766142.98605499,313.8683723,51178047.711525,50507204.3030415,51793680.759239994,,312.26966999999996,312.27703699999995,311.40887999999995,,,,,,0.06851316240098741,1.0,0.0,1.0,0.0,0.0,21361162.961593,21208583.5497725,,21234012.879688,21122715.443641,21147652.577793,63784848.149127,53367892.269825004,,1.7134,,1270.6171,,2.0664,,1501.2681,0.0,1.0,0.0
172,2022-12-14T01:25:30.000-0300,106766142.98605499,313.8683723,51160027.99215,50504427.0597615,51793728.615692,,312.2851,312.29303,311.4247421,,,,,,0.06851351843939887,1.0,0.0,1.0,0.0,0.0,21361162.961593,21208583.5497725,,21234012.879688,21122715.443641,21147652.577793,63747432.05285,53367892.269825004,,1.7134,,1270.6171,,2.0664,,1501.2681,0.0,1.0,0.0
173,2022-12-14T01:26:00.000-0300,106766142.98605499,313.8683723,51170864.340399995,50507713.0720435,51793772.94175,,312.33137999999997,312.3409981,311.4643845,,,,,,0.07052661471896701,1.0,0.0,1.0,0.0,0.0,21361162.961593,21208583.5497725,,21208583.5497725,21122715.443641,21147652.577793,63784848.149127,53367892.269825004,,1.7134,,1270.6171,,2.0664,,1501.2681,0.0,1.0,0.0
174,2022-12-14T01:26:30.000-0300,106766142.98605499,313.8683723,51181416.2958,50500907.551143005,51794616.31365,,312.3622269,312.35697999999996,311.5119423,,,,,,0.07254240247938368,1.0,0.0,1.0,0.0,0.0,21361162.961593,21208583.5497725,,21234012.879688,21122715.443641,21147652.577793,63784848.149127,53367892.269825004,,1.7134,,1270.6171,,2.0664,,1501.2681,0.0,1.0,0.0
175,2022-12-14T01:27:00.000-0300,106766142.98605499,313.91605,51173825.9487,50508461.319438495,51794985.5340225,,312.37764589999995,312.38894999999997,311.5515579,,,,,,0.06851351843939887,1.0,0.0,1.0,0.0,0.0,21361162.961593,21208583.5497725,,21208583.5497725,21122715.443641,21147652.577793,63784848.149127,53342962.588727,,1.7134,,1270.6171,,2.0664,,1501.2681,0.0,1.0,0.0
176,2022-12-14T01:27:30.000-0300,106766142.98605499,313.8683723,51177817.25525001,50507856.3472,51795832.33825,,312.40848,312.4209045,311.59116209999996,,,,,,0.07052770826551648,1.0,0.0,1.0,0.0,0.0,21361162.961593,21208583.5497725,,21208583.5497725,21122715.443641,21147652.577793,63747432.05285,53367892.269825004,,1.7134,,1270.6171,,2.0664,,1501.2681,0.0,1.0,0.0
177,2022-12-14T01:28:00.000-0300,106766142.98605499,313.91605,51174826.227,50504482.8596,51795871.564849995,,312.43930279999995,312.45285259999997,311.62283549999995,,,,,,0.07052478790283204,1.0,0.0,1.0,0.0,0.0,21361162.961593,21183154.121790502,,21234012.879688,21122715.443641,21147652.577793,63784848.149127,53367892.269825004,,1.7134,,1270.6171,,2.0664,,1501.2681,0.0,1.0,0.0
178,2022-12-14T01:28:30.000-0300,106766142.98605499,313.8683723,51171501.772649996,50506869.1117445,51796097.1178,,312.46241999999995,312.47681,311.66241679999996,,,,,,0.06851015302870009,1.0,0.0,1.0,0.0,0.0,21361162.961593,21208583.5497725,,21234012.879688,21122715.443641,21147652.577793,63747432.05285,53367892.269825004,,1.7134,,1270.6171,,2.0664,,1501.2681,0.0,1.0,0.0
179,2022-12-14T01:29:00.000-0300,106766142.98605499,313.91605,51176186.213222,50510340.763911,51796793.38995,,312.49323,312.5087456,311.70198669999996,,,,,,0.07052788628472222,1.0,0.0,1.0,0.0,0.0,21386595.4296365,21208583.5497725,,21234012.879688,21122715.443641,21147652.577793,63784848.149127,53367892.269825004,,1.7134,,1270.6171,,2.0664,,1501.2681,0.0,1.0,0.0
180,2022-12-14T01:29:30.000-0300,106766142.98605499,313.91605,51177542.66904999,50505791.753175505,51796969.90965,,312.52403489999995,312.54067,311.7415451,,,,,,0.0685113991631402,1.0,0.0,1.0,0.0,0.0,21386595.4296365,21208583.5497725,,21234012.879688,21122715.443641,21147652.577793,63784848.149127,53392825.677449994,,1.7134,,1270.6171,,2.0664,,1501.2681,0.0,1.0,0.0
181,2022-12-14T01:30:00.000-0300,106766142.98605499,313.8683723,51180675.305326,50508676.771539,51797999.60789999,,312.55483,312.56460999999996,311.78108999999995,,,,,,0.07052588992648655,1.0,0.0,1.0,0.0,0.0,21361162.961593,21183154.121790502,,21208583.5497725,21122715.443641,21147652.577793,63784848.149127,53367892.269825004,,1.7134,,1270.6171,,2.0664,,1501.2681,0.0,1.0,0.0
182,2022-12-14T01:30:30.000-0300,106766142.98605499,313.8683723,51181259.3894,50512190.8865,51798087.86775,,312.5856232,312.59652559999995,311.8127159,,,,,,0.07254371643066407,1.0,0.0,1.0,0.0,0.0,21386595.4296365,21208583.5497725,,21234012.879688,21122715.443641,21147652.577793,63784848.149127,53367892.269825004,,1.7134,,1270.6171,,2.0664,,1501.2681,0.0,1.0,0.0
183,2022-12-14T01:31:00.000-0300,106766142.98605499,313.91605,51174653.9241595,50508680.1058,51798538.97364999,,312.60871,312.62843,311.85224,,,,,,0.0725440894232856,1.0,0.0,1.0,0.0,0.0,21386595.4296365,21208583.5497725,,21234012.879688,21122715.443641,21147652.577793,63747432.05285,53392825.677449994,,1.7134,,1270.6171,,2.0664,,1501.2681,0.0,1.0,0.0
184,2022-12-14T01:31:30.000-0300,106766142.98605499,313.91605,51173869.784425505,50511292.401227,51798672.638289504,,312.63948669999996,312.6523537,311.88385,,,,,,0.07052679697672526,1.0,0.0,1.0,0.0,0.0,21386595.4296365,21208583.5497725,,21234012.879688,21122715.443641,21147652.577793,63784848.149127,53392825.677449994,,1.7134,,1270.6171,,2.0664,,1501.2681,0.0,1.0,0.0
185,2022-12-14T01:32:00.000-0300,106766142.98605499,313.91605,51185741.02845,50506342.39657299,51799509.831999995,,312.670256,312.6842445,311.92334999999997,,,,,,0.06851174672444661,1.0,0.0,1.0,0.0,0.0,21361162.961593,21208583.5497725,,21234012.879688,21122715.443641,21147652.577793,63784848.149127,53367892.269825004,,1.7134,,1270.6171,,2.0664,,1501.2681,0.0,1.0,0.0
186,2022-12-14T01:32:30.000-0300,106766142.98605499,313.91605,51177062.1432,50511932.873538494,51799732.050689004,,312.69332729999996,312.70815999999996,311.9549431,,,,,,0.06851369222005209,1.0,0.0,1.0,0.0,0.0,21386595.4296365,21208583.5497725,,21208583.5497725,21122715.443641,21147652.577793,63784848.149127,53392825.677449994,,1.7134,,1270.6171,,2.0664,,1501.2681,0.0,1.0,0.0
187,2022-12-14T01:33:00.000-0300,106766142.98605499,313.91605,51178248.74784999,50512363.875806,51800564.046875,,312.7240852,312.7400345,311.99442,,,,,,0.06851192898220486,1.0,0.0,1.0,0.0,0.0,21386595.4296365,21208583.5497725,,21234012.879688,21122715.443641,21172589.711945,63747432.05285,53367892.269825004,,1.7134,,1270.6171,,2.0664,,1501.2681,0.0,1.0,0.0
188,2022-12-14T01:33:30.000-0300,106766142.98605499,313.8683723,51176463.93755,50509248.8915,51800872.95635,,312.76252,312.77986999999996,312.04177999999996,,,,,,0.07052315182156033,1.0,0.0,1.0,0.0,0.0,21386595.4296365,21183154.121790502,,21234012.879688,21122715.443641,21147652.577793,63784848.149127,53367892.269825004,,1.7134,,1270.6171,,2.0664,,1501.2681,0.0,1.0,0.0
189,2022-12-14T01:34:00.000-0300,106766142.98605499,313.91605,51182740.19355,50509925.55035,51801431.9354,,312.77788999999996,312.78783649999997,312.0575623,,,,,,0.07052406311035156,1.0,0.0,1.0,0.0,0.0,21386595.4296365,21208583.5497725,,21234012.879688,21122715.443641,21147652.577793,63784848.149127,53367892.269825004,,1.7134,,1270.6171,,2.0664,,1501.2681,0.0,1.0,0.0
190,2022-12-14T01:34:30.000-0300,106766142.98605499,313.91605,51182906.9066,50513118.007191,51801510.3886,,312.80094379999997,312.819693,312.08912,,,,,,0.0685113991631402,1.0,0.0,1.0,0.0,0.0,21386595.4296365,21208583.5497725,,21234012.879688,21122715.443641,21147652.577793,63784848.149127,53367892.269825004,,1.7134,,1270.6171,,2.0664,,1501.2681,0.0,1.0,0.0
191,2022-12-14T01:35:00.000-0300,106766142.98605499,313.91605,51182583.28715,50517319.76445,51802206.66075,,312.83167,312.84358,312.12855759999997,,,,,,0.07052697923448352,1.0,0.0,1.0,0.0,0.0,21361162.961593,21208583.5497725,,21234012.879688,21122715.443641,21172589.711945,63784848.149127,53417773.79505,,1.7134,,1270.6171,,2.0664,,1501.2681,0.0,1.0,0.0
192,2022-12-14T01:35:30.000-0300,106766142.98605499,313.91605,51181524.16895,50512445.859400004,51802236.0807,,312.8547157,312.86746439999996,312.1601,,,,,,0.07052552117241753,1.0,0.0,1.0,0.0,0.0,21386595.4296365,21208583.5497725,,21234012.879688,21122715.443641,21147652.577793,63747432.05285,53367892.269825004,,1.7134,,1270.6171,,2.0664,,1501.2681,0.0,1.0,0.0
193,2022-12-14T01:36:00.000-0300,106766142.98605499,313.8683723,51180088.7695895,50514913.70287249,51802834.28635,,312.8777527,312.89930189999995,312.1916336,,,,,,0.0685115729437934,1.0,0.0,1.0,0.0,0.0,21361162.961593,21183154.121790502,,21234012.879688,21122715.443641,21147652.577793,63784848.149127,53417773.79505,,1.7134,,1270.6171,,2.0664,,1501.2681,0.0,1.0,0.0
194,2022-12-14T01:36:30.000-0300,106766142.98605499,313.8683723,51179723.569943495,50516254.4680605,51803191.640676,,312.9084648,312.92317429999997,312.22316,,,,,,0.07052788628472222,1.0,0.0,1.0,0.0,0.0,21361162.961593,21208583.5497725,,21234012.879688,21122715.443641,21147652.577793,63784848.149127,53392825.677449994,,1.7134,,1270.6171,,2.0664,,1501.2681,0.0,1.0,0.0
195,2022-12-14T01:37:00.000-0300,106766142.98605499,313.8683723,51181393.54437201,50514466.0293,51803652.553225994,,312.9314941,312.94704279999996,312.2546753,,,,,,0.06851086934407552,1.0,0.0,1.0,0.0,0.0,21361162.961593,21208583.5497725,,21208583.5497725,21122715.443641,21147652.577793,63784848.149127,53392825.677449994,,1.7134,,1270.6171,,2.0664,,1501.2681,0.0,1.0,0.0
196,2022-12-14T01:37:30.000-0300,106766142.98605499,313.8683723,51182632.3204,50517990.2451105,51803775.72475,,312.9468445,312.9629539,312.2704338,,,,,,0.07052442762586805,1.0,0.0,1.0,0.0,0.0,21361162.961593,21208583.5497725,,21234012.879688,21122715.443641,21147652.577793,63747432.05285,53392825.677449994,,1.7134,,1270.6171,,2.0664,,1501.2681,0.0,1.0,0.0
197,2022-12-14T01:38:00.000-0300,106766142.98605499,313.91605,51183901.49704299,50516284.378343,51804741.973974496,,312.9775375,312.99476469999996,312.3176865,,,,,,0.07052333407931857,1.0,0.0,1.0,0.0,0.0,21386595.4296365,21208583.5497725,,21234012.879688,21122715.443641,21147652.577793,63747432.05285,53392825.677449994,,1.7134,,1270.6171,,2.0664,,1501.2681,0.0,1.0,0.0
198,2022-12-14T01:38:30.000-0300,106766142.98605499,313.8683723,51190569.3325775,50516858.851900004,51804354.317099996,,312.99288409999997,313.010672,312.33343729999996,,,,,,0.07052333407931857,1.0,0.0,1.0,0.0,0.0,21386595.4296365,21208583.5497725,,21234012.879688,21122715.443641,21147652.577793,63784848.149127,53417773.79505,,1.7134,,1270.6171,,2.0664,,1501.2681,0.0,1.0,0.0
199,2022-12-14T01:39:00.000-0300,106766142.98605499,313.91605,51181269.196049996,50512426.2461,51804991.749350004,,313.031237,313.05042,312.36492769999995,,,,,,0.0705249743991428,1.0,0.0,1.0,0.0,0.0,21361162.961593,21208583.5497725,,21234012.879688,21122715.443641,21147652.577793,63784848.149127,53392825.677449994,,1.7134,,1270.6171,,2.0664,,1501.2681,0.0,1.0,0.0
200,2022-12-14T01:39:30.000-0300,106766142.98605499,313.91605,51176866.010199994,50516947.11175,51805825.3146,,313.03890459999997,313.05836999999997,312.39640999999995,,,,,,0.0705249743991428,1.0,0.0,1.0,0.0,0.0,21361162.961593,21183154.121790502,,21234012.879688,21122715.443641,21147652.577793,63784848.149127,53417773.79505,,1.7134,,1270.6171,,2.0664,,1501.2681,0.0,1.0,0.0
201,2022-12-14T01:40:00.000-0300,106766142.98605499,313.8683723,51187540.6467915,50516947.11175,51805825.3146,,313.06190999999995,313.05836999999997,312.4278854,,,,,,0.07052661471896701,1.0,0.0,1.0,0.0,0.0,21361162.961593,21183154.121790502,,21234012.879688,21122715.443641,21147652.577793,63784848.149127,53417773.79505,,1.7134,,1270.6171,,2.0664,,1501.2681,0.0,1.0,0.0
202,2022-12-14T01:40:30.000-0300,106766142.98605499,313.91605,51187212.02595,50516682.3322,51806305.84045,,313.0925774,313.10605,312.45935,,,,,,0.07052861955430773,1.0,0.0,1.0,0.0,0.0,21361162.961593,21208583.5497725,,21234012.879688,21122715.443641,21147652.577793,63784848.149127,53417773.79505,,1.7134,,1270.6171,,2.0664,,1501.2681,0.0,1.0,0.0
203,2022-12-14T01:41:00.000-0300,106766142.98605499,313.8683723,51189952.8865585,50511082.73505,51807364.95865,,313.11557239999996,313.12988509999997,312.4829468,,,,,,0.07052879757351345,1.0,0.0,1.0,0.0,0.0,21361162.961593,21208583.5497725,,21234012.879688,21122715.443641,21147652.577793,63784848.149127,53417773.79505,,1.7134,,1270.6171,,2.0664,,1501.2681,0.0,1.0,0.0
204,2022-12-14T01:41:30.000-0300,106766142.98605499,313.91605,51190703.19335,50523439.11405,51807247.27885,,313.1385635,313.1537155,312.51439999999997,,,,,,0.07052569919162326,1.0,0.0,1.0,0.0,0.0,21361162.961593,21183154.121790502,,21234012.879688,21122715.443641,21147652.577793,63784848.149127,53417773.79505,,1.7134,,1270.6171,,2.0664,,1501.2681,0.0,1.0,0.0
205,2022-12-14T01:42:00.000-0300,106766142.98605499,313.91605,51188967.416300006,50517653.19055,51807600.31824999,,313.16155,313.17753999999996,312.5458435,,,,,,0.0705242453681098,1.0,0.0,1.0,0.0,0.0,21361162.961593,21183154.121790502,,21234012.879688,21122715.443641,21147652.577793,63784848.149127,53392825.677449994,,1.7134,,1270.6171,,2.0664,,1501.2681,0.0,1.0,0.0
206,2022-12-14T01:42:30.000-0300,106766142.98605499,313.8683723,51192520.659794495,50520306.5758405,51807865.097799994,,313.17687,313.20135999999997,312.57728,,,,,,0.07052606794569227,1.0,0.0,1.0,0.0,0.0,21361162.961593,21183154.121790502,,21234012.879688,21122715.443641,21147652.577793,63784848.149127,53417773.79505,,1.7134,,1270.6171,,2.0664,,1501.2681,0.0,1.0,0.0
207,2022-12-14T01:43:00.000-0300,106766142.98605499,313.91605,51191856.259257,50516701.945499994,51808273.3486395,,313.19984999999997,313.2172379,312.6008553,,,,,,0.06851263258192275,1.0,0.0,1.0,0.0,0.0,21361162.961593,21183154.121790502,,21234012.879688,21122715.443641,21147652.577793,63747432.05285,53417773.79505,,1.7134,,1270.6171,,2.0664,,1501.2681,0.0,1.0,0.0
208,2022-12-14T01:43:30.000-0300,106766142.98605499,313.8683723,51190814.793027,50514333.051126,51808404.46355001,,313.21517,313.23311459999996,312.616568,,,,,,0.0685115729437934,1.0,0.0,1.0,0.0,0.0,21386595.4296365,21183154.121790502,,21234012.879688,21122715.443641,21147652.577793,63747432.05285,53392825.677449994,,1.7134,,1270.6171,,2.0664,,1501.2681,0.0,1.0,0.0
209,2022-12-14T01:44:00.000-0300,106766142.98605499,313.91605,51187123.7661,50518558.8346775,51809404.741849996,,313.2458,313.26486,312.65583999999996,,,,,,0.06851280636257595,1.0,0.0,1.0,0.0,0.0,21361162.961593,21183154.121790502,,21234012.879688,21122715.443641,21147652.577793,63747432.05285,53417773.79505,,1.7134,,1270.6171,,2.0664,,1501.2681,0.0,1.0,0.0
210,2022-12-14T01:44:30.000-0300,106766142.98605499,313.8683723,51203392.998449996,50523341.04755,51809659.71475,,313.2687668,313.28866419999997,312.68725429999995,,,,,,0.07052825080023871,1.0,0.0,1.0,0.0,0.0,21361162.961593,21208583.5497725,,21234012.879688,21122715.443641,21147652.577793,63784848.149127,53392825.677449994,,1.7134,,1270.6171,,2.0664,,1501.2681,0.0,1.0,0.0
211,2022-12-14T01:45:00.000-0300,106766142.98605499,313.91605,51199966.55494001,50522736.761777,51810022.5608,,313.29173,313.30453339999997,312.7108063,,,,,,0.07052478790283204,1.0,0.0,1.0,0.0,0.0,21361162.961593,21208583.5497725,,21234012.879688,21122715.443641,21147652.577793,63784848.149127,53417773.79505,,1.7134,,1270.6171,,2.0664,,1501.2681,0.0,1.0,0.0
212,2022-12-14T01:45:30.000-0300,106766142.98605499,313.91605,51196806.263911,50517829.710250005,51810150.04725,,313.2993835,313.3124641,312.7265038,,,,,,0.07052369859483507,1.0,0.0,1.0,0.0,0.0,21361162.961593,21183154.121790502,,21234012.879688,21122715.443641,21172589.711945,63784848.149127,53442712.106000006,,1.7134,,1270.6171,,2.0664,,1501.2681,0.0,1.0,0.0
213,2022-12-14T01:46:00.000-0300,106766142.98605499,313.8683723,51198283.733799994,50520379.43925,51810777.67285,,313.3299927,313.34418999999997,312.7657455,,,,,,0.07052733951144748,1.0,0.0,1.0,0.0,0.0,21386595.4296365,21208583.5497725,,21234012.879688,21122715.443641,21147652.577793,63784848.149127,53392825.677449994,,1.7134,,1270.6171,,2.0664,,1501.2681,0.0,1.0,0.0
214,2022-12-14T01:46:30.000-0300,106766142.98605499,313.91605,51192365.028259,50519898.913399994,51810993.41915,,313.35294569999996,313.36798,312.79713,,,,,,0.06851245880126954,1.0,0.0,1.0,0.0,0.0,21361162.961593,21208583.5497725,,21234012.879688,21122715.443641,21147652.577793,63784848.149127,53417773.79505,,1.7134,,1270.6171,,2.0664,,1501.2681,0.0,1.0,0.0
215,2022-12-14T01:47:00.000-0300,106766142.98605499,313.91605,51192365.028259,50519898.913399994,51810993.41915,,313.35294569999996,313.36798,312.79713,,,,,,0.06851121690538195,1.0,0.0,1.0,0.0,0.0,21361162.961593,21208583.5497725,,21234012.879688,21122715.443641,21147652.577793,63784848.149127,53417773.79505,,1.7134,,1270.6171,,2.0664,,1501.2681,0.0,1.0,0.0
216,2022-12-14T01:47:30.000-0300,106766142.98605499,313.91605,51187800.424949996,50522801.6818,51812072.15065,,313.391188,313.40761999999995,312.84418719999996,,,,,,0.07052478790283204,1.0,0.0,1.0,0.0,0.0,21361162.961593,21183154.121790502,,21234012.879688,21122715.443641,21147652.577793,63784848.149127,53417773.79505,,1.7134,,1270.6171,,2.0664,,1501.2681,0.0,1.0,0.0
217,2022-12-14T01:48:00.000-0300,106766142.98605499,313.8683723,51197087.322500005,50526004.8278895,51812611.516399994,,313.40648,313.42346999999995,312.87555,,,,,,0.07052533467610678,1.0,0.0,1.0,0.0,0.0,21361162.961593,21208583.5497725,,21234012.879688,21122715.443641,21147652.577793,63784848.149127,53417773.79505,,1.7134,,1270.6171,,2.0664,,1501.2681,0.0,1.0,0.0
218,2022-12-14T01:48:30.000-0300,106766142.98605499,313.8683723,51197087.322500005,50526004.8278895,51812611.516399994,,313.40648,313.42346999999995,312.87555,,,,,,0.06851457807752823,1.0,0.0,1.0,0.0,0.0,21361162.961593,21208583.5497725,,21234012.879688,21122715.443641,21172589.711945,63784848.149127,53442712.106000006,,1.7134,,1270.6171,,2.0664,,1501.2681,0.0,1.0,0.0
219,2022-12-14T01:49:00.000-0300,106766142.98605499,313.8683723,51178435.074200004,50523645.0537,51813415.661699995,,313.44471209999995,313.4630951,312.922583,,,,,,0.07053352355957031,1.0,0.0,1.0,0.0,0.0,21386595.4296365,21183154.121790502,,21234012.879688,21122715.443641,21147652.577793,63784848.149127,53417773.79505,,1.7134,,1270.6171,,2.0664,,1501.2681,0.0,1.0,0.0
220,2022-12-14T01:49:30.000-0300,106766142.98605499,313.8683723,51196077.237550005,50526067.29625,51813807.9277,,313.4676422,313.48686,312.94609299999996,,,,,,0.07053443060980903,1.0,0.0,1.0,0.0,0.0,21361162.961593,21183154.121790502,,21234012.879688,21122715.443641,21147652.577793,63784848.149127,53442712.106000006,,1.7134,,1270.6171,,2.0664,,1501.2681,0.0,1.0,0.0
221,2022-12-14T01:50:00.000-0300,106766142.98605499,313.91605,51192360.5172,50522782.0685,51813611.794700004,,313.4829277,313.50270309999996,312.97742999999997,,,,,,0.06649497561984592,1.0,0.0,1.0,0.0,0.0,21361162.961593,21208583.5497725,,21234012.879688,21122715.443641,21147652.577793,63784848.149127,53392825.677449994,,1.7134,,1270.6171,,2.0664,,1501.2681,0.0,1.0,0.0
222,2022-12-14T01:50:30.000-0300,106766142.98605499,313.91605,51193968.807799995,50522223.08945,51814759.17275,,313.50584999999995,313.51854549999996,312.9852661,,,,,,0.07051986694335936,1.0,0.0,1.0,0.0,0.0,21361162.961593,21183154.121790502,,21234012.879688,21122715.443641,21147652.577793,63784848.149127,53442712.106000006,,1.7134,,1270.6171,,2.0664,,1501.2681,0.0,1.0,0.0
223,2022-12-14T01:51:00.000-0300,106766142.98605499,313.91605,51200720.78439149,50527195.061000004,51814317.873500004,,313.52112999999997,313.5264648,313.00876,,,,,,0.06850305769178602,1.0,0.0,1.0,0.0,0.0,21386595.4296365,21183154.121790502,,21234012.879688,21122715.443641,21147652.577793,63784848.149127,53442712.106000006,,1.7134,,1270.6171,,2.0664,,1501.2681,0.0,1.0,0.0
224,2022-12-14T01:51:30.000-0300,106766142.98605499,313.91605,51193419.6354,50523762.7335,51815141.6321,,313.53641,313.55814,313.0322556,,,,,,0.06851192898220486,1.0,0.0,1.0,0.0,0.0,21361162.961593,21208583.5497725,,21234012.879688,21122715.443641,21147652.577793,63747432.05285,53417773.79505,,1.7134,,1270.6171,,2.0664,,1501.2681,0.0,1.0,0.0
225,2022-12-14T01:52:00.000-0300,106766142.98605499,313.91605,51193419.6354,50523762.7335,51815141.6321,,313.53641,313.55814,313.0322556,,,,,,0.06852145300971137,1.0,0.0,1.0,0.0,0.0,21361162.961593,21208583.5497725,,21234012.879688,21122715.443641,21147652.577793,63784848.149127,53442712.106000006,,1.7134,,1270.6171,,2.0664,,1501.2681,0.0,1.0,0.0
226,2022-12-14T01:52:30.000-0300,106766142.98605499,313.91605,51192478.197000004,50528038.432900004,51815798.67765,,313.56696,313.58188479999995,313.07923,,,,,,0.07053025563557944,1.0,0.0,1.0,0.0,0.0,21361162.961593,21183154.121790502,,21234012.879688,21122715.443641,21172589.711945,63747432.05285,53442712.106000006,,1.7134,,1270.6171,,2.0664,,1501.2681,0.0,1.0,0.0
227,2022-12-14T01:53:00.000-0300,106766142.98605499,313.91605,51195616.324999996,50529244.650850005,51816151.71705,,313.58223569999996,313.59771579999995,313.10271,,,,,,0.06850607554117838,1.0,0.0,1.0,0.0,0.0,21361162.961593,21183154.121790502,,21208583.5497725,21122715.443641,21172589.711945,63784848.149127,53467646.690423,,1.7134,,1270.6171,,2.0664,,1501.2681,0.0,1.0,0.0
228,2022-12-14T01:53:30.000-0300,106766142.98605499,313.91605,51195616.324999996,50529244.650850005,51816151.71705,,313.58223569999996,313.59771579999995,313.10271,,,,,,0.07051858266194662,1.0,0.0,1.0,0.0,0.0,21361162.961593,21183154.121790502,,21208583.5497725,21122715.443641,21147652.577793,63784848.149127,53417773.79505,,1.7134,,1270.6171,,2.0664,,1501.2681,0.0,1.0,0.0
229,2022-12-14T01:54:00.000-0300,106766142.98605499,313.8683723,51197937.4609885,50530235.1225,51816897.02245,,313.62041,313.6372856,313.1496567,,,,,,0.06850785149468315,1.0,0.0,1.0,0.0,0.0,21361162.961593,21208583.5497725,,21208583.5497725,21122715.443641,21147652.577793,63784848.149127,53467646.690423,,1.7134,,1270.6171,,2.0664,,1501.2681,0.0,1.0,0.0
230,2022-12-14T01:54:30.000-0300,106766142.98605499,313.91605,51189384.198924996,50528446.8798725,51817628.696606494,,313.6356758,313.65310999999997,313.17312,,,,,,0.07053334554036458,1.0,0.0,1.0,0.0,0.0,21361162.961593,21208583.5497725,,21234012.879688,21122715.443641,21172589.711945,63784848.149127,53467646.690423,,1.7134,,1270.6171,,2.0664,,1501.2681,0.0,1.0,0.0
231,2022-12-14T01:55:00.000-0300,106766142.98605499,313.91605,51189384.198924996,50528446.8798725,51817628.696606494,,313.6356758,313.65310999999997,313.17312,,,,,,0.07053461286756728,1.0,0.0,1.0,0.0,0.0,21361162.961593,21208583.5497725,,21234012.879688,21122715.443641,21147652.577793,63747432.05285,53442712.106000006,,1.7134,,1270.6171,,2.0664,,1501.2681,0.0,1.0,0.0
232,2022-12-14T01:55:30.000-0300,106766142.98605499,313.91605,51194346.167692006,50531397.7008575,51818142.467,,313.66620479999995,313.6847481,313.22004,,,,,,0.06851899041069878,1.0,0.0,1.0,0.0,0.0,21361162.961593,21183154.121790502,,21234012.879688,21122715.443641,21147652.577793,63784848.149127,53442712.106000006,,1.7134,,1270.6171,,2.0664,,1501.2681,0.0,1.0,0.0
233,2022-12-14T01:56:00.000-0300,106766142.98605499,313.91605,51194346.167692006,50531397.7008575,51818142.467,,313.66620479999995,313.6847481,313.22004,,,,,,0.06851899041069878,1.0,0.0,1.0,0.0,0.0,21361162.961593,21183154.121790502,,21234012.879688,21122715.443641,21147652.577793,63747432.05285,53417773.79505,,1.7134,,1270.6171,,2.0664,,1501.2681,0.0,1.0,0.0
234,2022-12-14T01:56:30.000-0300,106766142.98605499,313.8683723,51192556.6502,50528283.599149995,51819005.452199996,,313.68909679999996,313.70847549999996,313.2513145,,,,,,0.07051986694335936,1.0,0.0,1.0,0.0,0.0,21361162.961593,21208583.5497725,,21234012.879688,21122715.443641,21147652.577793,63784848.149127,53442712.106000006,,1.7134,,1270.6171,,2.0664,,1501.2681,0.0,1.0,0.0
235,2022-12-14T01:57:00.000-0300,106766142.98605499,313.91605,51206599.773,50533887.70735899,51819029.2823595,,313.70435,313.72429,313.27476349999995,,,,,,0.07051876915825737,1.0,0.0,1.0,0.0,0.0,21361162.961593,21208583.5497725,,21234012.879688,21122715.443641,21147652.577793,63784848.149127,53442712.106000006,,1.7134,,1270.6171,,2.0664,,1501.2681,0.0,1.0,0.0
236,2022-12-14T01:57:30.000-0300,106766142.98605499,313.8683723,51202520.2066,50527518.68045,51819240.8118,,313.71961,313.7401031,313.2982048,,,,,,0.07052625020345052,1.0,0.0,1.0,0.0,0.0,21361162.961593,21208583.5497725,,21234012.879688,21122715.443641,21147652.577793,63784848.149127,53442712.106000006,,1.7134,,1270.6171,,2.0664,,1501.2681,0.0,1.0,0.0
237,2022-12-14T01:58:00.000-0300,106766142.98605499,313.8683723,51201941.614250004,50530441.06215,51819963.0715725,,313.7348656,313.7559151,313.31383359999995,,,,,,0.06851422203911675,1.0,0.0,1.0,0.0,0.0,21361162.961593,21208583.5497725,,21234012.879688,21122715.443641,21147652.577793,63784848.149127,53442712.106000006,,1.7134,,1270.6171,,2.0664,,1501.2681,0.0,1.0,0.0
238,2022-12-14T01:58:30.000-0300,106766142.98605499,313.8683723,51201941.614250004,50530441.06215,51819963.0715725,,313.7348656,313.7559151,313.31383359999995,,,,,,0.06851422203911675,1.0,0.0,1.0,0.0,0.0,21361162.961593,21208583.5497725,,21234012.879688,21122715.443641,21147652.577793,63784848.149127,53442712.106000006,,1.7134,,1270.6171,,2.0664,,1501.2681,0.0,1.0,0.0
239,2022-12-14T01:59:00.000-0300,106766142.98605499,313.8683723,51202426.651159,50532814.27145,51820290.12335,,313.7653679,313.7796272,313.36069999999995,,,,,,0.07053206973605686,1.0,0.0,1.0,0.0,0.0,21361162.961593,21208583.5497725,,21234012.879688,21147652.577793,21147652.577793,63747432.05285,53417773.79505,,1.7134,,1270.6171,,2.0664,,1501.2681,0.0,1.0,0.0
240,2022-12-14T01:59:30.000-0300,106766142.98605499,313.8683723,51203667.58465,50530715.64835,51820613.7428,,313.7729935,313.78752749999995,313.36850999999996,,,,,,0.06851722293429904,1.0,0.0,1.0,0.0,0.0,21361162.961593,21183154.121790502,,21234012.879688,21147652.577793,21147652.577793,63784848.149127,53442712.106000006,,1.7134,,1270.6171,,2.0664,,1501.2681,0.0,1.0,0.0
241,2022-12-14T02:00:00.000-0300,106766142.98605499,313.8683723,51205452.39495,50533765.5165,51821375.6214385,,313.79586259999996,313.81123579999996,313.3997444,,,,,,0.07053352355957031,1.0,0.0,1.0,0.0,0.0,21361162.961593,21183154.121790502,,21234012.879688,21147652.577793,21147652.577793,63747432.05285,53442712.106000006,,1.7134,,1270.6171,,2.0664,,1501.2681,0.0,1.0,0.0
242,2022-12-14T02:00:30.000-0300,106766142.98605499,313.8683723,51205910.16937201,50533167.31085,51821878.80065,,313.80348999999995,313.81913599999996,313.4075531,,,,,,0.06851722293429904,1.0,0.0,1.0,0.0,0.0,21361162.961593,21208583.5497725,,21234012.879688,21147652.577793,21147652.577793,63784848.149127,53442712.106000006,,1.7134,,1270.6171,,2.0664,,1501.2681,0.0,1.0,0.0
243,2022-12-14T02:01:00.000-0300,106766142.98605499,313.8683723,51202654.0673725,50534628.5017,51822267.4381895,,313.8263535,313.8428368,313.4387764,,,,,,0.0725478278266059,1.0,0.0,1.0,0.0,0.0,21361162.961593,21208583.5497725,,21208583.5497725,21147652.577793,21147652.577793,63747432.05285,53442712.106000006,,1.7134,,1270.6171,,2.0664,,1501.2681,0.0,1.0,0.0
244,2022-12-14T02:01:30.000-0300,106766142.98605499,313.91605,51197201.275772996,50532840.2590725,51822854.0719925,,313.8415932,313.8586372,313.45438609999997,,,,,,0.0685177527533637,1.0,0.0,1.0,0.0,0.0,21335733.533611,21183154.121790502,,21234012.879688,21147652.577793,21147652.577793,63784848.149127,53442712.106000006,,1.7134,,1270.6171,,2.0664,,1501.2681,0.0,1.0,0.0
245,2022-12-14T02:02:00.000-0300,106766142.98605499,313.91605,51209816.3542,50531738.874211006,51822751.5925,,313.8568329,313.8665337,313.4777969,,,,,,0.07254015604654948,1.0,0.0,1.0,0.0,0.0,21361162.961593,21208583.5497725,,21234012.879688,21147652.577793,21147652.577793,63747432.05285,53442712.106000006,,1.7134,,1270.6171,,2.0664,,1501.2681,0.0,1.0,0.0
246,2022-12-14T02:02:30.000-0300,106766142.98605499,313.8683723,51201255.14875,50536251.992607504,51823134.05185,,313.87207259999997,313.88232999999997,313.4934029,,,,,,0.06850341373019747,1.0,0.0,1.0,0.0,0.0,21386595.4296365,21183154.121790502,,21234012.879688,21147652.577793,21147652.577793,63784848.149127,53467646.690423,,1.7134,,1270.6171,,2.0664,,1501.2681,0.0,1.0,0.0
247,2022-12-14T02:03:00.000-0300,106766142.98605499,313.8683723,51208831.0800745,50536776.15804999,51823865.62794,,313.87969,313.8981232,313.516806,,,,,,0.06850359174940322,1.0,0.0,1.0,0.0,0.0,21361162.961593,21208583.5497725,,21234012.879688,21147652.577793,21147652.577793,63784848.149127,53442712.106000006,,1.7134,,1270.6171,,2.0664,,1501.2681,0.0,1.0,0.0
248,2022-12-14T02:03:30.000-0300,106766142.98605499,313.8683723,51210812.317574,50532137.6126,51823865.62794,,313.88730999999996,313.90601999999996,313.52460709999997,,,,,,0.0685113991631402,1.0,0.0,1.0,0.0,0.0,21361162.961593,21208583.5497725,,21208583.5497725,21147652.577793,21147652.577793,63784848.149127,53442712.106000006,,1.7134,,1270.6171,,2.0664,,1501.2681,0.0,1.0,0.0
249,2022-12-14T02:04:00.000-0300,106766142.98605499,313.91605,51200127.384,50537227.263950005,51824104.9102,,313.91015999999996,313.92969999999997,313.54800259999996,,,,,,0.06851422203911675,1.0,0.0,1.0,0.0,0.0,21361162.961593,21208583.5497725,,21234012.879688,21147652.577793,21147652.577793,63747432.05285,53442712.106000006,,1.7134,,1270.6171,,2.0664,,1501.2681,0.0,1.0,0.0
250,2022-12-14T02:04:30.000-0300,106766142.98605499,313.91605,51206790.022010006,50535854.33295,51824595.242699996,,313.92539,313.93759769999997,313.57139429999995,,,,,,0.07052879757351345,1.0,0.0,1.0,0.0,0.0,21361162.961593,21208583.5497725,,21234012.879688,21147652.577793,21172589.711945,63784848.149127,53492594.219624005,,1.7134,,1270.6171,,2.0664,,1501.2681,0.0,1.0,0.0
251,2022-12-14T02:05:00.000-0300,106766142.98605499,313.91605,51201000.175850004,50535854.33295,51824595.242699996,,313.9330048,313.93759769999997,313.57139429999995,,,,,,0.07052879757351345,1.0,0.0,1.0,0.0,0.0,21361162.961593,21183154.121790502,,21234012.879688,21147652.577793,21147652.577793,63747432.05285,53442712.106000006,,1.7134,,1270.6171,,2.0664,,1501.2681,0.0,1.0,0.0
252,2022-12-14T02:05:30.000-0300,106766142.98605499,313.91605,51216720.235800005,50537717.59645,51825448.42125,,313.94823679999996,313.9691681,313.60258,,,,,,0.07053098042805989,1.0,0.0,1.0,0.0,0.0,21361162.961593,21208583.5497725,,21234012.879688,21147652.577793,21147652.577793,63784848.149127,53467646.690423,,1.7134,,1270.6171,,2.0664,,1501.2681,0.0,1.0,0.0
253,2022-12-14T02:06:00.000-0300,106766142.98605499,313.8683723,51202348.786358,50540924.371,51826032.407257505,,313.96346,313.9770569,313.61816999999996,,,,,,0.06851563771565755,1.0,0.0,1.0,0.0,0.0,21361162.961593,21208583.5497725,,21234012.879688,21147652.577793,21172589.711945,63747432.05285,53442712.106000006,,1.7134,,1270.6171,,2.0664,,1501.2681,0.0,1.0,0.0
254,2022-12-14T02:06:30.000-0300,106766142.98605499,313.91605,51202348.786358,50540924.371,51826032.407257505,,313.96346,313.9770569,313.61816999999996,,,,,,0.07052788628472222,1.0,0.0,1.0,0.0,0.0,21361162.961593,21208583.5497725,,21234012.879688,21147652.577793,21172589.711945,63747432.05285,53442712.106000006,,1.7134,,1270.6171,,2.0664,,1501.2681,0.0,1.0,0.0
255,2022-12-14T02:07:00.000-0300,106766142.98605499,313.91605,51204255.98365,50535618.973349996,51826742.89905,,313.98629999999997,314.00861999999995,313.6571335,,,,,,0.07052934434678819,1.0,0.0,1.0,0.0,0.0,21361162.961593,21183154.121790502,,21234012.879688,21147652.577793,21147652.577793,63784848.149127,53467646.690423,,1.7134,,1270.6171,,2.0664,,1501.2681,0.0,1.0,0.0
256,2022-12-14T02:07:30.000-0300,106766142.98605499,313.91605,51199320.1986385,50541184.051092006,51827095.938449994,,314.00151999999997,314.01651,313.6727165,,,,,,0.0685152816772461,1.0,0.0,1.0,0.0,0.0,21361162.961593,21208583.5497725,,21234012.879688,21147652.577793,21147652.577793,63784848.149127,53442712.106000006,,1.7134,,1270.6171,,2.0664,,1501.2681,0.0,1.0,0.0
257,2022-12-14T02:08:00.000-0300,106766142.98605499,313.8683723,51209257.37515,50536050.46595,51827415.046841,,314.01673999999997,314.0243973,313.6805061,,,,,,0.06851422203911675,1.0,0.0,1.0,0.0,0.0,21361162.961593,21208583.5497725,,21234012.879688,21147652.577793,21147652.577793,63784848.149127,53492594.219624005,,1.7134,,1270.6171,,2.0664,,1501.2681,0.0,1.0,0.0
258,2022-12-14T02:08:30.000-0300,106766142.98605499,313.8683723,51213346.74820001,50534163.078091,51827478.3978,,314.02434999999997,314.04017,313.69608539999996,,,,,,0.0685129886203342,1.0,0.0,1.0,0.0,0.0,21386595.4296365,21208583.5497725,,21234012.879688,21147652.577793,21147652.577793,63784848.149127,53492594.219624005,,1.7134,,1270.6171,,2.0664,,1501.2681,0.0,1.0,0.0
259,2022-12-14T02:09:00.000-0300,106766142.98605499,313.8683723,51205177.80875,50536825.1913,51828253.12315,,314.03195999999997,314.04805999999996,313.71166459999995,,,,,,0.07052825080023871,1.0,0.0,1.0,0.0,0.0,21361162.961593,21208583.5497725,,21234012.879688,21147652.577793,21147652.577793,63747432.05285,53442712.106000006,,1.7134,,1270.6171,,2.0664,,1501.2681,0.0,1.0,0.0
260,2022-12-14T02:09:30.000-0300,106766142.98605499,313.8683723,51218491.709056005,50540489.74027199,51828527.709350005,,314.03956999999997,314.05594479999996,313.7194542,,,,,,0.07052952236599391,1.0,0.0,1.0,0.0,0.0,21361162.961593,21208583.5497725,,21234012.879688,21147652.577793,21172589.711945,63747432.05285,53442712.106000006,,1.7134,,1270.6171,,2.0664,,1501.2681,0.0,1.0,0.0
261,2022-12-14T02:10:00.000-0300,106766142.98605499,313.91605,51210708.759349994,50537652.5783605,51828414.6386755,,314.05478519999997,314.0717148,313.7428154,,,,,,0.06851404401991103,1.0,0.0,1.0,0.0,0.0,21361162.961593,21183154.121790502,,21234012.879688,21147652.577793,21147652.577793,63822256.792349994,53492594.219624005,,1.7134,,1270.6171,,2.0664,,1501.2681,0.0,1.0,0.0
262,2022-12-14T02:10:30.000-0300,106766142.98605499,313.8683723,51215959.828159,50539806.4129,51828939.58865,,314.07,314.0874847,313.7661728,,,,,,0.07052861955430773,1.0,0.0,1.0,0.0,0.0,21361162.961593,21208583.5497725,,21234012.879688,21147652.577793,21172589.711945,63747432.05285,53467646.690423,,1.7134,,1270.6171,,2.0664,,1501.2681,0.0,1.0,0.0
263,2022-12-14T02:11:00.000-0300,106766142.98605499,313.91605,51212356.276549995,50543287.77365,51829763.34724999,,314.08520999999996,314.09537,313.78173999999996,,,,,,0.06851333618164063,1.0,0.0,1.0,0.0,0.0,21361162.961593,21183154.121790502,,21234012.879688,21147652.577793,21147652.577793,63784848.149127,53467646.690423,,1.7134,,1270.6171,,2.0664,,1501.2681,0.0,1.0,0.0
264,2022-12-14T02:11:30.000-0300,106766142.98605499,313.8683723,51205311.6695225,50545121.617199995,51829881.027049996,,314.09281769999996,314.11113589999997,313.79731,,,,,,0.07052861955430773,1.0,0.0,1.0,0.0,0.0,21361162.961593,21183154.121790502,,21234012.879688,21147652.577793,21147652.577793,63784848.149127,53467646.690423,,1.7134,,1270.6171,,2.0664,,1501.2681,0.0,1.0,0.0
265,2022-12-14T02:12:00.000-0300,106766142.98605499,313.8683723,51210159.586950004,50542979.648706995,51830335.9575435,,314.10802689999997,314.11902,313.8128723,,,,,,0.07052716149224175,1.0,0.0,1.0,0.0,0.0,21361162.961593,21183154.121790502,,21234012.879688,21147652.577793,21147652.577793,63784848.149127,53442712.106000006,,1.7134,,1270.6171,,2.0664,,1501.2681,0.0,1.0,0.0
266,2022-12-14T02:12:30.000-0300,106766142.98605499,313.8683723,51213032.9354,50541718.70965,51830949.9519,,314.1232323,314.1426643,313.83621999999997,,,,,,0.06851174672444661,1.0,0.0,1.0,0.0,0.0,21361162.961593,21208583.5497725,,21234012.879688,21147652.577793,21147652.577793,63784848.149127,53467646.690423,,1.7134,,1270.6171,,2.0664,,1501.2681,0.0,1.0,0.0
267,2022-12-14T02:13:00.000-0300,106766142.98605499,313.91605,51213284.377905995,50544484.18495,51830851.8854,,314.13084,314.1426643,313.8439964,,,,,,0.07052733951144748,1.0,0.0,1.0,0.0,0.0,21361162.961593,21208583.5497725,,21234012.879688,21147652.577793,21147652.577793,63784848.149127,53467646.690423,,1.7134,,1270.6171,,2.0664,,1501.2681,0.0,1.0,0.0
268,2022-12-14T02:13:30.000-0300,106766142.98605499,313.8683723,51215684.5554935,50545685.107309,51831763.90385,,314.13843999999995,314.1584229,313.85955659999996,,,,,,0.07052606794569227,1.0,0.0,1.0,0.0,0.0,21361162.961593,21183154.121790502,,21234012.879688,21147652.577793,21147652.577793,63784848.149127,53492594.219624005,,1.7134,,1270.6171,,2.0664,,1501.2681,0.0,1.0,0.0
269,2022-12-14T02:14:00.000-0300,106766142.98605499,313.8683723,51209630.02785,50546082.6689,51831793.3238,,314.153643,314.16630399999997,313.8751129,,,,,,0.07052552117241753,1.0,0.0,1.0,0.0,0.0,21361162.961593,21208583.5497725,,21234012.879688,21147652.577793,21147652.577793,63784848.149127,53467646.690423,,1.7134,,1270.6171,,2.0664,,1501.2681,0.0,1.0,0.0
270,2022-12-14T02:14:30.000-0300,106766142.98605499,313.8683723,51212150.3369,50543483.90664999,51831969.843499996,,314.1612457,314.17418519999995,313.88289,,,,,,0.06851174672444661,1.0,0.0,1.0,0.0,0.0,21361162.961593,21208583.5497725,,21234012.879688,21147652.577793,21147652.577793,63784848.149127,53467646.690423,,1.7134,,1270.6171,,2.0664,,1501.2681,0.0,1.0,0.0
271,2022-12-14T02:15:00.000-0300,106766142.98605499,313.8683723,51220155.701428,50540507.686441496,51832126.749900006,,314.17644729999995,314.18994,313.90621999999996,,,,,,0.07052697923448352,1.0,0.0,1.0,0.0,0.0,21361162.961593,21208583.5497725,,21234012.879688,21147652.577793,21147652.577793,63747432.05285,53467646.690423,,1.7134,,1270.6171,,2.0664,,1501.2681,0.0,1.0,0.0
272,2022-12-14T02:15:30.000-0300,106766142.98605499,313.8683723,51216612.36265,50542536.780393004,51832760.063356996,,314.18404619999995,314.1978172,313.9217743,,,,,,0.06851121690538195,1.0,0.0,1.0,0.0,0.0,21361162.961593,21208583.5497725,,21234012.879688,21147652.577793,21147652.577793,63784848.149127,53442712.106000006,,1.7134,,1270.6171,,2.0664,,1501.2681,0.0,1.0,0.0
