,timestamp,TPT_PRESS_ANM,TPT_TEMP_ANM,P_PDG_COL,P_PDG_AN_SUP,P_PDG_AN_INF,P_PDG_AN_INT,T_PDG_COL,T_PDG_AN_SUP,T_PDG_AN_INF,T_PDG_AN_INT,CHK_PROD,PRESS_PROD_TOP_SIDE,SURFACE_PRESSURE,INJ_WATER_VALV,FLOWIN_WATER_INJ,MAN_CHK_WATER,M1,M2,W1,W2,XO,P_CI1,P_CI2,P_CI3,P_CI4,HP_PRESS_RET,LP_PRESS_RET,HP_PRESS,LP_PRESS,FLOW_HP_RET,FLOW_HP_RET_VOL,FLOW_LP_RET,FLOW_LP_RET_VOL,FLOW_HP,FLOW_HP_VOL,FLOW_LP,FLOW_LP_VOL,PXO,DHSV,class
0,2024-01-17T23:59:30.000-0300,,,,,,,,,,,,,,,,,,,,,,,,,,,,,,,,,,,,,,,,0.0
1,2024-01-18T00:00:00.000-0300,24992447.188394,308.091143,47863487.977175504,47388562.1165915,45944841.7155,,312.05143,312.14009999999996,338.81658999999996,,,,,0.9972623,,,,,,,,53581760.59635,53933456.485300004,,54015493.9178085,22382725.41862,22143915.83915,71384846.365658,54013537.589200005,,0.0,,75.930275,,0.0,,80.88695,,,0.0
2,2024-01-18T00:00:30.000-0300,25000436.07775,308.08667599999995,47863487.977175504,47390896.4915575,45944601.1583755,,312.03060999999997,312.12120289999996,338.81998,,,,,0.9971541,,,,,,,,53580126.220061,53932544.46685,,54022113.7988245,22383096.502256002,22146535.979897,71403846.55389999,54031562.2119,,0.0,,75.930275,,0.0,,80.88695,,,0.0
3,2024-01-18T00:01:00.000-0300,25000107.0646425,308.10051569999996,47865523.15125,47391773.6964,45946669.184727505,,312.04760209999995,312.1248154,338.81696999999997,,,,,0.9973961,,,,,,,,53581289.87715001,53930749.8499,,54015655.825600006,22382413.56715,22149476.2097,71397737.01095,54020765.09025001,,0.0,,75.930275,,0.0,,80.88695,,,0.0
4,2024-01-18T00:01:30.000-0300,25006343.995976,308.08142319999996,47863086.8851905,47391120.965776004,45945286.545144,,312.030127,312.1175179,338.79661,,,,,0.9973961,,,,,,,,53579652.166600004,53927548.8612735,,54014865.40961,22386824.009921,22143061.3857355,71380183.10745001,54022304.734299995,,0.0,,75.930275,,0.0,,80.88695,,,0.0
5,2024-01-18T00:02:00.000-0300,24988435.3859455,308.0670456,47864679.779350005,47390618.178830504,45945651.6467235,,312.05337749999995,312.12591,338.78911999999997,,,,,0.997247543,,,,,,,,53577082.8243,53932034.521050006,,54017798.284425505,22385462.258502,22142381.981023498,71395962.0073,54020545.617423,,0.0,,75.930275,,0.0,,80.88695,,,0.0
6,2024-01-18T00:02:30.000-0300,24987030.387199998,308.0864777,47860662.779377,47389743.71985,45944981.2641295,,312.05785,312.1180634,338.78464999999994,,,,,0.9972829,,,,,,,,53575160.72090001,53933682.03825,,54015371.43275,22389634.203545,22151312.406846,71392340.215322,54025956.534627,,0.0,,75.930275,,0.0,,80.88695,,,0.0
7,2024-01-18T00:03:00.000-0300,24980489.35165,308.0617928,47864460.6007225,47389786.1826445,45944802.4889,,312.05647999999997,312.118,338.78596,,,,,0.9972829,,,,0.0,,0.0,0.0,53582554.935,53933691.8449,,54019598.0989,22391588.472757,22141930.0905915,71388911.02595,54025266.3426,,0.0,,75.930275,,0.0,,80.88695,0.0,1.0,0.0
8,2024-01-18T00:03:30.000-0300,24987571.910413,308.04305,47862566.1520755,47388696.8599625,45944903.3993285,,312.04586639999997,312.1269936,338.80291,,,,,0.9971793999999999,,,,0.0,,0.0,0.0,53579926.7528,53930867.529699996,,54020578.7639,22385439.89934,22143676.360757,71383399.68865,54019843.26515,,0.0,,75.930275,,0.0,,80.88695,0.0,1.0,0.0
9,2024-01-18T00:04:00.000-0300,24999200.43985,308.07331,47863042.0688,47390224.245699994,45944981.2641295,,312.04546589999995,312.1266541,338.80291,,,,,0.997210159,,,,0.0,,0.0,0.0,53586051.8883235,53934044.8843,,54017332.76275,22385050.771468,22145766.8443375,71388293.207,54023913.0249,,0.0,,75.930275,,0.0,,80.88695,0.0,1.0,0.0
10,2024-01-18T00:04:30.000-0300,24992059.5315195,308.0790123,47861500.7576195,47388459.0487,45945139.83766,,312.03846209999995,312.1225838,338.80088,,,,,0.9970193999999999,,,,0.0,,0.0,0.0,53579048.861492,53931779.54815,,54016665.91055,22389204.7703415,22146290.5194475,71402371.9279395,54025908.678174995,,0.0,,75.930275,,0.0,,80.88695,0.0,1.0,0.0
11,2024-01-18T00:05:00.000-0300,24999607.3177585,308.05513229999997,47861282.2654575,47389302.4206,45944681.9651715,,312.06481779999996,312.13653999999997,338.80325999999997,,,,,0.9971383,,,,0.0,,0.0,0.0,53578887.2479,53931151.92255,,54019133.067557,22389204.7703415,22146069.0852905,71381487.3919,54026429.41129,,0.0,,75.930275,,0.0,,80.88695,0.0,1.0,0.0
12,2024-01-18T00:05:30.000-0300,24989496.2693425,308.06996999999996,47864365.96655,47390435.5790075,45944518.09605,,312.05346,312.13075,338.83356,,,,,0.9971383,,,,0.0,,0.0,0.0,53586301.07529999,53931792.5909945,,54019582.015994005,22383707.064285,22145105.385795,71396187.56025,54024795.623399995,,0.0,,75.930275,,0.0,,80.88695,0.0,1.0,0.0
13,2024-01-18T00:06:00.000-0300,25004142.99145,308.0902771,47864414.999800004,47389223.9674,45945145.721650004,,312.0545067,312.11843339999996,338.83716999999996,,,,,0.9973171999999999,,,,0.0,,0.0,0.0,53579926.7528,53933079.4196075,,54025011.3697,22383626.257489,22147258.730002,71382036.5643,54025766.48175,,0.0,,75.930275,,0.0,,80.88695,0.0,1.0,0.0
14,2024-01-18T00:06:30.000-0300,24998299.5029145,308.0867065,47864559.353688,47388792.4748,45945181.810122,,312.0659622,312.12960999999996,338.83759999999995,,,,,0.997105942,,,,0.0,,0.0,0.0,53579926.7528,53933079.4196075,,54021778.6075275,22389444.150668003,22148114.654413998,71407318.10800001,54025080.01625,,0.0,,75.930275,,0.0,,80.88695,0.0,1.0,0.0
15,2024-01-18T00:07:00.000-0300,24996017.4954595,308.07800999999995,47865346.63155,47389027.834400006,45945235.6486305,,312.06906,312.15234999999996,338.8359741,,,,,0.9973517,,,,0.0,,0.0,0.0,53586379.5285,53933917.39785,,54018947.525739,22388968.33201,22145820.682846,71394824.4359,54022726.420250006,,0.0,,75.930275,,0.0,,80.88695,0.0,1.0,0.0
16,2024-01-18T00:07:30.000-0300,24994254.750122,308.09472,47862234.00084,47388720.7881885,45945271.540969506,,312.0702538,312.15412749999996,338.83380999999997,,,,,0.997313,,,,0.0,,0.0,0.0,53586379.5285,53933917.39785,,54026580.4337,22389023.24925,22146715.5396585,71391088.10225,54028937.265894495,,0.0,,75.930275,,0.0,,80.88695,0.0,1.0,0.0
17,2024-01-18T00:08:00.000-0300,24988827.4558125,308.0827736,47866851.8542585,47390555.318204,45944894.475277,,312.0688576,312.13783,338.83819,,,,,0.997025452,,,,0.0,1.0,0.0,0.0,53585192.92385001,53934741.15645,,54019274.47945,22383729.5215135,22146028.681892503,71381183.38575,54023295.20595001,,0.0,,75.930275,,0.0,,80.88695,0.0,1.0,0.0
18,2024-01-18T00:08:30.000-0300,24992764.335455,308.06145319999996,47863512.788,47390008.499400005,45945603.7902715,,312.05740199999997,312.1287369,338.8371643,,,,,0.9971070000000001,,,,0.0,1.0,0.0,0.0,53583609.8363405,53931151.92255,,54012968.8035,22387014.062798,22149530.146275,71387881.3277,54023275.59265,,0.0,,75.930275,,0.0,,80.88695,0.0,1.0,0.0
19,2024-01-18T00:09:00.000-0300,24992055.118527,308.07228999999995,47863816.79415,47389926.8100055,45945734.12065,,312.07996219999995,312.1243843,338.82635999999997,,,,,0.9973932999999999,,,,0.0,1.0,0.0,0.0,53583388.500250004,53934976.51605,,54021958.265355505,22387774.1762395,22146883.135307003,71387809.150756,54025021.17635,,0.0,,75.930275,,0.0,,80.88695,0.0,1.0,0.0
20,2024-01-18T00:09:30.000-0300,24969383.516658,308.0795578,47860519.1119545,47389577.006799996,45945332.048,,312.08972,312.120768,338.82036999999997,,,,,0.9973165,,,,0.0,1.0,0.0,0.0,53583388.500250004,53934976.51605,,54024095.036324,22387866.06455,22148557.522728,71383050.6699765,54026938.180292,,0.0,,75.930275,,0.0,,80.88695,0.0,1.0,0.0
21,2024-01-18T00:10:00.000-0300,24982623.474822998,308.08714999999995,47864944.5589,47389878.9535535,45944673.04112,,312.07962,312.1126923,338.82725,,,,,0.997180939,,,,0.0,1.0,0.0,0.0,53572865.9648,53930792.99916001,,54018839.7506555,22386571.58675,22144101.380968,71389999.5641,54021623.0740585,,0.0,,75.930275,,0.0,,80.88695,0.0,1.0,0.0
22,2024-01-18T00:10:30.000-0300,24991235.086454,308.0710663,47864720.96728,47390312.50555,45944885.453159004,,312.07066,312.11104,338.84529999999995,,,,,0.9972672,,,,0.0,1.0,0.0,0.0,53588115.305549994,53935431.740743,,54023863.99164999,22386173.044494003,22149340.1914645,71379300.50895,54023863.99164999,,0.0,,75.930275,,0.0,,80.88695,0.0,1.0,0.0
23,2024-01-18T00:11:00.000-0300,24984843.504249997,308.0979523,47859696.1378865,47388678.913793005,45945332.048,,312.06728999999996,312.1037277,338.857695,,,,,0.9972682,,,,0.0,1.0,0.0,0.0,53582398.02860001,53936937.84605,,54018303.6211,22386512.74685,22147634.324697,71386336.6822585,54019352.93265,,0.0,,75.930275,,0.0,,80.88695,0.0,1.0,0.0
24,2024-01-18T00:11:30.000-0300,24992104.4459765,308.11068,47861587.546472,47389155.32085,45945518.37435,,312.06872999999996,312.10294,338.85668,,,,,0.9972682,,,,0.0,1.0,0.0,0.0,53579593.326699995,53932540.74032299,,54021192.071791,22388520.8545705,22149194.954978,71389215.0321,54024142.892776005,,0.0,,75.930275,,0.0,,80.88695,0.0,1.0,0.0
25,2024-01-18T00:12:00.000-0300,24990560.7812,308.1004,47862512.5097,47389008.2211,45946447.652504,,312.08709,312.10209999999995,338.82016999999996,,,,,0.9970650000000001,,,,0.0,1.0,0.0,0.0,53583873.144893005,53938428.45685,,54023618.8254,22382358.846042998,22146422.222757,71382732.83645,54032493.843650006,,0.0,,75.930275,,0.0,,80.88695,0.0,1.0,0.0
26,2024-01-18T00:12:30.000-0300,24964173.145446498,308.1090225,47860555.102359995,47388155.04255,45945621.736441,,312.07153,312.10182419999995,338.80451999999997,,,,,0.9972421,,,,0.0,1.0,0.0,0.0,53578390.443011,53933162.285799995,,54022951.9732,22387566.177192997,22148005.2122,71401845.9973,54029547.82792349,,0.0,,75.930275,,0.0,,80.88695,0.0,1.0,0.0
27,2024-01-18T00:13:00.000-0300,24999791.388579,308.0923752,47864897.5850465,47388828.4652055,45944631.068658,,312.05582999999996,312.1109222,338.79690999999997,,,,,0.9971416999999999,,,,0.0,1.0,0.0,0.0,53577779.09645,53933001.652873,,54015541.774260506,22386105.770875,22143826.010236,71381085.31925,54022544.801092006,,0.0,,75.930275,,0.0,,80.88695,0.0,1.0,0.0
28,2024-01-18T00:13:30.000-0300,25009769.1646215,308.083197,47862066.4051915,47389086.6743,45944518.09605,,312.0420746,312.1100449,338.80685,,,,,0.9971416999999999,,,,0.0,1.0,0.0,0.0,53577779.09645,53933001.652873,,54026119.52115,22386461.8503365,22145349.2771805,71407308.30135,54025893.9682,,0.0,,75.930275,,0.0,,80.88695,0.0,1.0,0.0
29,2024-01-18T00:14:00.000-0300,25001046.835912,308.11294399999997,47861767.2043,47388068.351764,45945376.2759915,,312.05131759999995,312.1164536,338.79215,,,,,0.9973430999999999,,,1.0,0.0,1.0,0.0,0.0,53581407.556949995,53934123.3375,,54028875.1898,22386824.009921,22144354.196405,71382811.28965001,54028737.8967,,0.0,,75.930275,,0.0,,80.88695,0.0,1.0,0.0
30,2024-01-18T00:14:30.000-0300,24973682.555885,308.1036858,47857714.900387,47387571.546875,45945074.0350385,,312.06147999999996,312.12637559999996,338.7948441,,,,,0.997402039,,,1.0,0.0,1.0,0.0,0.0,53587144.44719999,53941914.0344595,,54027472.83885001,22384933.8762,22147416.8132,71391274.4286,54032474.230349995,,0.0,,75.930275,,0.0,,80.88695,0.0,1.0,0.0
31,2024-01-18T00:15:00.000-0300,25001040.853855498,308.11395999999996,47860402.4128195,47387376.982939,45945233.9815,,312.03684,312.11763609999997,338.79747999999995,,,,,0.9971663,,,1.0,0.0,1.0,0.0,0.0,53583244.734761,53938918.78935,,54022604.621657,22386689.26655,22149000.4891085,71384086.15415001,54027261.407476,,0.0,,75.930275,,0.0,,80.88695,0.0,1.0,0.0
32,2024-01-18T00:15:30.000-0300,24985777.783795502,308.10648,47860579.030586,47388743.44155,45945286.545144,,312.04056779999996,312.1144051,338.79834999999997,,,,,0.9971663,,,1.0,0.0,1.0,0.0,0.0,53583244.734761,53938918.78935,,54025089.8229,22380907.3637765,22148363.0568585,71392866.9304935,54027105.77594049,,0.0,,75.930275,,0.0,,80.88695,0.0,1.0,0.0
33,2024-01-18T00:16:00.000-0300,24993529.058022,308.11775,47862281.857292,47388204.075799994,45944649.014827505,,312.11821999999995,312.1343674,338.81491,,,,,0.9972064,,,1.0,0.0,1.0,0.0,0.0,53582221.5089,53939487.575050004,,54022442.027399994,22386273.3665235,22143088.2559565,71390179.41806099,54026031.2613,,0.0,,75.930275,,0.0,,80.88695,0.0,1.0,0.0
34,2024-01-18T00:16:30.000-0300,24977971.200062998,308.10724999999996,47862188.89025,47386688.6541755,45945273.2081,,312.09956209999996,312.13435,338.82579,,,,,0.9971822,,,1.0,0.0,1.0,0.0,0.0,53582005.762600005,53936545.58005,,54027011.9263,22383163.8739415,22147005.8164985,71376041.6610885,54030699.2267,,0.0,,75.930275,,0.0,,80.88695,0.0,1.0,0.0
35,2024-01-18T00:17:00.000-0300,25006053.719136,308.14889999999997,47862063.36513,47387790.039037,45945612.714323,,312.09799419999996,312.1308044,338.82401999999996,,,,,0.9971822,,,1.0,0.0,1.0,0.0,0.0,53586973.713423505,53939944.8591395,,54027011.9263,22383163.8739415,22147005.8164985,71376041.6610885,54030699.2267,,0.0,,75.930275,,0.0,,80.88695,0.0,1.0,0.0
36,2024-01-18T00:17:30.000-0300,24983506.269456,308.1358322,47858789.316961005,47385371.91528,45945463.064844,,312.0578369,312.141188,338.81553999999994,,,,,0.9971751000000001,,,1.0,0.0,1.0,0.0,0.0,53587262.127,53940213.26715,,54022432.22075,22388959.309892,22147815.355456,71393249.9782425,54030685.105124,,0.0,,75.930275,,0.0,,80.88695,0.0,1.0,0.0
37,2024-01-18T00:18:00.000-0300,24978809.1783055,308.11605299999997,47861635.402924,47387688.24601,45945543.87164,,312.01460999999995,312.12474999999995,338.77932,,,,,0.9972751,,,1.0,0.0,1.0,0.0,0.0,53584824.880275495,53938209.0820895,,54022544.801092006,22391892.1847075,22147331.9856775,71397021.12550001,54028257.37085,,0.0,,75.930275,,0.0,,80.88695,0.0,1.0,0.0
38,2024-01-18T00:18:30.000-0300,24998767.8685185,308.10836259999996,47858854.62925,47387458.7704,45944759.8299725,,312.03331599999996,312.10327759999996,338.78598,,,,,0.9970398,,,1.0,0.0,1.0,0.0,0.0,53587422.563793994,53939693.514699996,,54024972.14309999,22381969.718171,22150987.708664503,71402708.9825,54027639.5519,,0.0,,75.930275,,0.0,,80.88695,0.0,1.0,0.0
39,2024-01-18T00:19:00.000-0300,24994287.3082,308.0992,47862177.12227,47386693.8517,45945127.873547,,312.06776659999997,312.0992073,338.80123,,,,,0.99727356,,,1.0,0.0,1.0,0.0,0.0,53588095.69225,53942184.403799996,,54029787.20825,22386861.3732575,22150231.32175,71389636.71805,54028433.890549995,,0.0,,75.930275,,0.0,,80.88695,0.0,1.0,0.0
40,2024-01-18T00:19:30.000-0300,24994923.6617185,308.10278,47862983.2289,47387020.903477505,45944942.331728995,,312.070475,312.10067599999996,338.80624,,,,,0.99727356,,,1.0,0.0,1.0,0.0,0.0,53588095.69225,53942184.403799996,,54029787.20825,22386861.3732575,22150231.32175,71389636.71805,54028433.890549995,,0.0,,75.930275,,0.0,,80.88695,0.0,1.0,0.0
41,2024-01-18T00:20:00.000-0300,24995987.585177,308.1141762,47862747.8693,47387912.7202285,45945298.509257,,312.05778,312.10089719999996,338.8264145,,,,,0.9970815000000001,,,1.0,0.0,1.0,0.0,0.0,53587081.3904405,53939340.4753,,54024358.442943,22382969.310005497,22147920.090478,71393261.9423555,54029763.280024,,0.0,,75.930275,,0.0,,80.88695,0.0,1.0,0.0
42,2024-01-18T00:20:30.000-0300,24991199.194115,308.11305999999996,47863616.6404235,47388089.337995,45945178.7700605,,312.0435928,312.0812363,338.83786999999995,,,,,0.9972543,,,1.0,0.0,1.0,0.0,0.0,53586099.744775504,53941066.4457,,54023618.8254,22386919.8208915,22143938.198312,71387871.52105,54031150.3326,,0.0,,75.930275,,0.0,,80.88695,0.0,1.0,0.0
43,2024-01-18T00:21:00.000-0300,25001832.4466435,308.11148299999996,47861506.739676,47387161.5308385,45945508.5677,,312.03909999999996,312.09064329999995,338.82581,,,,,0.9971034,,,1.0,0.0,1.0,0.0,0.0,53582437.25519999,53936981.975975,,54027291.31775849,22386517.257909,22151439.5990965,71384199.91128999,54029625.692724496,,0.0,,75.930275,,0.0,,80.88695,0.0,1.0,0.0
44,2024-01-18T00:21:30.000-0300,24999273.597459,308.12432329999996,47860118.118035994,47388400.208799995,45944810.6284195,,312.0302872,312.0901474,338.8277,,,,,0.9969826,,,1.0,0.0,1.0,0.0,0.0,53585065.437400006,53942297.180275,,54035367.192099996,22387883.4223205,22146042.117003,71399757.18085,54035406.418699995,,0.0,,75.930275,,0.0,,80.88695,0.0,1.0,0.0
45,2024-01-18T00:22:00.000-0300,25003407.4927,308.11203229999995,47860188.33365,47389057.25435,45946100.497094,,312.02230679999997,312.08368529999996,338.83407439999996,,,,,0.9969826,,,1.0,0.0,1.0,0.0,0.0,53591289.2278225,53941900.01095,,54029254.511022,22388950.385840498,22146679.549252998,71398732.68012449,54032376.16385,,0.0,,75.930275,,0.0,,80.88695,0.0,1.0,0.0
46,2024-01-18T00:22:30.000-0300,25005893.5765415,308.1227821,47860590.4063,47387347.0726565,45945433.154561505,,312.0715355,312.09948999999995,338.82295,,,,,0.997234344,,,1.0,0.0,1.0,0.0,0.0,53585408.67015,53937585.08495,,54023599.2121,22383264.0979045,22148430.3304775,71399610.0811,54025413.44235,,0.0,,75.930275,,0.0,,80.88695,0.0,1.0,0.0
47,2024-01-18T00:23:00.000-0300,24983940.2137185,308.11194,47861267.06515,47386507.52535,45945651.6467235,,312.03998409999997,312.0906738,338.80791999999997,,,,,0.997023849,,,1.0,0.0,1.0,0.0,0.0,53591341.6934,53944636.0663,,54035599.217439,22385956.121396,22147960.493876,71390244.73035,54036308.6305,,0.0,,75.930275,,0.0,,80.88695,0.0,1.0,0.0
48,2024-01-18T00:23:30.000-0300,25001052.8179685,308.10769999999997,47862278.915297,47386533.022640005,45945645.8608,,312.0278229,312.10368189999997,338.801474,,,,,0.9970865000000001,,,1.0,0.0,1.0,0.0,0.0,53585251.76375,53941698.58235899,,54027060.95954999,22386924.62615,22148933.117422998,71388920.8326,54029254.511022,,0.0,,75.930275,,0.0,,80.88695,0.0,1.0,0.0
49,2024-01-18T00:24:00.000-0300,24974424.8212235,308.128466,47861039.8450695,47387553.600705504,45945253.594799995,,312.0427727,312.10278999999997,338.78569,,,,,0.9973475,,,1.0,0.0,1.0,0.0,0.0,53590906.1800735,53943051.31166001,,54026674.773673,22382219.6896795,22143535.733395997,71390842.936,54031650.471750006,,0.0,,75.930275,,0.0,,80.88695,0.0,1.0,0.0
50,2024-01-18T00:24:30.000-0300,24976839.904919,308.10603,47858187.777049996,47387798.9630885,45945463.064844,,312.04168,312.09812,338.79078519999996,,,,,0.99722084,,,1.0,0.0,1.0,0.0,0.0,53590906.1800735,53943051.31166001,,54030517.5094755,22385652.311379,22144684.9747095,71382326.448874,54032013.3178,,0.0,,75.930275,,0.0,,80.88695,0.0,1.0,0.0
51,2024-01-18T00:25:00.000-0300,24981134.5311535,308.09976429999995,47860896.2757135,47386153.0149525,45945220.644456,,312.01781689999996,312.08437189999995,338.77254,,,,,0.9970606,,,1.0,0.0,1.0,0.0,0.0,53590720.6382555,53945136.205450006,,54029120.35605001,22384471.688785497,22146878.624247998,71396570.0196,54033101.85595,,0.0,,75.930275,,0.0,,80.88695,0.0,1.0,0.0
52,2024-01-18T00:25:30.000-0300,24994290.642461002,308.1094536,47855150.1672125,47386757.4968585,45945381.08125,,312.04218519999995,312.09136429999995,338.77667999999994,,,,,0.997144241,,,1.0,0.0,1.0,0.0,0.0,53590812.1343,53943645.59465,,54028492.730450004,22385493.737848498,22146535.979897,71389425.18860951,54028806.54325,,0.0,,75.930275,,0.0,,80.88695,0.0,1.0,0.0
53,2024-01-18T00:26:00.000-0300,24985596.7530365,308.1080078,47857562.308913,47387792.1965,45944622.1446065,,312.06474529999997,312.10601269999995,338.79627,,,,,0.997144241,,,1.0,0.0,1.0,0.0,0.0,53585114.47065,53936829.9729,,54030361.87794,22385652.311379,22145784.790507,71393216.1453,54028875.1898,,0.0,,75.930275,,0.0,,80.88695,0.0,1.0,0.0
54,2024-01-18T00:26:30.000-0300,25009640.5013735,308.11829609999995,47861794.074521005,47385416.7316705,45945675.28075,,312.0728668,312.11339,338.81356999999997,,,,,0.9971264999999999,,,1.0,0.0,1.0,0.0,0.0,53592204.6786,53942762.996149994,,54029565.774093,22387675.423274,22147566.9530115,71388054.513139,54039368.3053,,0.0,,75.930275,,0.0,,80.88695,0.0,1.0,0.0
55,2024-01-18T00:27:00.000-0300,24998616.748042002,308.10408629999995,47860653.8553255,47387376.982939,45945708.5252935,,312.0779938,312.12926,338.80921,,,,,0.9972289999999999,,,1.0,0.0,1.0,0.0,0.0,53589301.9102,53940546.69324999,,54026923.666449994,22387937.3588955,22145548.3521755,71397487.725907,54035426.032000005,,0.0,,75.930275,,0.0,,80.88695,0.0,1.0,0.0
56,2024-01-18T00:27:30.000-0300,24986518.480070002,308.0990776,47861710.2276635,47387041.791642,45945801.2962025,,312.0779022,312.15742339999997,338.80859,,,,,0.9971443,,,1.0,0.0,1.0,0.0,0.0,53589876.6779565,53945014.602989994,,54028105.367775,22387874.498269,22149091.78902,71390807.9262595,54030503.0937,,0.0,,75.930275,,0.0,,80.88695,0.0,1.0,0.0
57,2024-01-18T00:28:00.000-0300,24994784.505355,308.11739,47861443.58485,47387580.568993,45945596.82755,,312.076506,312.156237,338.80625999999995,,,,,0.9971443,,,1.0,0.0,1.0,0.0,0.0,53589017.51735,53942753.1895,,54026597.006938495,22386327.205032,22146851.6559605,71374916.9364,54029904.88805,,0.0,,75.930275,,0.0,,80.88695,0.0,1.0,0.0
58,2024-01-18T00:28:30.000-0300,25010667.061495498,308.1362747,47865395.6648,47388855.433492996,45946064.604755,,312.0770248,312.14777999999995,338.8024048,,,,,0.9971045,,,1.0,0.0,1.0,0.0,0.0,53588674.284600005,53942870.8693,,54024526.0385915,22385897.7718285,22146851.6559605,71388054.513139,54029607.6484885,,0.0,,75.930275,,0.0,,80.88695,0.0,1.0,0.0
59,2024-01-18T00:29:00.000-0300,24982120.6878775,308.11626279999996,47865900.118875995,47388442.4754615,45945724.314,,312.0732521,312.14680999999996,338.7974152,,,,,0.9972136,,,1.0,0.0,1.0,0.0,0.0,53587419.03340001,53938011.478092,,54026782.548756495,22384933.8762,22146137.927973498,71384978.5593,54034587.661491506,,0.0,,75.930275,,0.0,,80.88695,0.0,1.0,0.0
60,2024-01-18T00:29:30.000-0300,24999563.2859,308.1076874,47864272.018843,47389519.834030494,45945328.4195395,,312.08625259999997,312.1328529,338.81016,,,,,0.9969624,,,1.0,0.0,1.0,0.0,0.0,53586889.474300005,53936820.166250005,,54025913.581499994,22387485.370396998,22144151.19875,71396324.85335,54031944.67125,,0.0,,75.930275,,0.0,,80.88695,0.0,1.0,0.0
61,2024-01-18T00:30:00.000-0300,24984582.1570275,308.1106,47860495.1837285,47387684.32335,45945609.772328004,,312.08002999999997,312.1282333,338.8128,,,,,0.9972660999999999,,,1.0,0.0,1.0,0.0,0.0,53590660.719624005,53941645.038049996,,54025923.38815001,22387792.122409,22148548.5986765,71377702.025,54031331.55949199,,0.0,,75.930275,,0.0,,80.88695,0.0,1.0,0.0
62,2024-01-18T00:30:30.000-0300,24997766.8056865,308.10691999999995,47866088.7007555,47389962.800411,45945648.606662,,312.05057999999997,312.1216148,338.81431999999995,,,,,0.9972851559999999,,,1.0,0.0,1.0,0.0,0.0,53589360.750099994,53934515.6035,,54032238.87075,22389946.9376135,22149353.626575,71379483.304906,54032007.9241425,,0.0,,75.930275,,0.0,,80.88695,0.0,1.0,0.0
63,2024-01-18T00:31:00.000-0300,24996807.61725,308.1265625,47864464.03305,47389871.206300005,45945163.765886,,312.08163679999996,312.1311249,338.82212999999996,,,,,0.9970565,,,1.0,0.0,1.0,0.0,0.0,53590816.3511595,53943223.908700004,,54030424.6405,22389408.258329,22143631.4463,71389149.915944,54025805.70835,,0.0,,75.930275,,0.0,,80.88695,0.0,1.0,0.0
64,2024-01-18T00:31:30.000-0300,24991223.122341,308.1251053,47860453.1132,47389044.0153725,45945944.963625,,312.09317,312.12941209999997,338.82959589999996,,,,,0.9970565,,,1.0,0.0,1.0,0.0,0.0,53590816.3511595,53943223.908700004,,54035475.06525,22394199.6894525,22144584.65268,71389503.0534105,54032744.109358,,0.0,,75.930275,,0.0,,80.88695,0.0,1.0,0.0
65,2024-01-18T00:32:00.000-0300,25012847.275923498,308.11449,47861132.6159785,47388394.520943,45946469.6194,,312.0986656,312.12734,338.81791999999996,,,,,0.9970309,,,1.0,0.0,1.0,0.0,0.0,53593714.90269999,53944924.774076,,54028506.3616935,22383241.640676,22146494.007435,71392892.52585,54033252.87836,,0.0,,75.930275,,0.0,,80.88695,0.0,1.0,0.0
66,2024-01-18T00:32:30.000-0300,24995953.1638355,308.11458999999996,47861464.865280494,47388720.7881885,45946479.42605,,312.0986961,312.1379723,338.7974152,,,,,0.9971964,,,1.0,0.0,1.0,0.0,0.0,53593714.90269999,53944924.774076,,54027767.03835,22387937.3588955,22148951.0635925,71380202.72075,54029086.9153735,,0.0,,75.930275,,0.0,,80.88695,0.0,1.0,0.0
67,2024-01-18T00:33:00.000-0300,24992978.316558,308.11069999999995,47862135.2478745,47389380.873799995,45945926.919388995,,312.07620999999995,312.1454224,338.78914999999995,,,,,0.997040253,,,1.0,0.0,1.0,0.0,0.0,53590708.6741425,53948323.36670001,,54033562.7685,22390335.967419,22149060.3096735,71393039.6256,54036275.5820895,,0.0,,75.930275,,0.0,,80.88695,0.0,1.0,0.0
68,2024-01-18T00:33:30.000-0300,24995900.7963245,308.11671679999995,47862228.116849996,47389846.0032095,45945304.4913135,,312.04824679999996,312.12913,338.7873444,,,,,0.99719635,,,1.0,0.0,1.0,0.0,0.0,53581848.856199995,53934260.6306,,54032670.363350004,22387539.306972,22143540.244455,71384900.10610001,54040285.815473996,,0.0,,75.930275,,0.0,,80.88695,0.0,1.0,0.0
69,2024-01-18T00:34:00.000-0300,25005341.4621465,308.15502779999997,47861886.84543,47389648.497278504,45945181.810122,,312.06111,312.1244949,338.7977051,,,,,0.99719635,,,1.0,0.0,1.0,0.0,0.0,53593087.2771,53940527.07995,,54026770.584643506,22385332.1242565,22149486.016349997,71381889.46455,54032376.16385,,0.0,,75.930275,,0.0,,80.88695,0.0,1.0,0.0
70,2024-01-18T00:34:30.000-0300,25010882.513596,308.13482,47864379.7939265,47389376.166608,45946685.3657,,312.04440999999997,312.1123222,338.784,,,,,0.997290344,,,1.0,0.0,1.0,0.0,0.0,53593150.7261255,53943743.66114999,,54029703.459459,22378364.989764,22143640.468418,71391519.59485,54032013.3178,,0.0,,75.930275,,0.0,,80.88695,0.0,1.0,0.0
71,2024-01-18T00:35:00.000-0300,24973654.1166,308.10722999999996,47862048.459022,47388789.630871505,45946061.66276,,312.04328769999995,312.11553419999996,338.7786,,,,,0.9973833000000001,,,1.0,0.0,1.0,0.0,0.0,53593396.088508494,53941527.35825001,,54026296.04085,22388737.875735,22152674.0601985,71402346.13645001,54032748.816549994,,0.0,,75.930275,,0.0,,80.88695,0.0,1.0,0.0
72,2024-01-18T00:35:30.000-0300,24998895.060769,308.08489,47862781.7022425,47388380.5955,45945789.3320895,,312.10841,312.11688999999996,338.78593,,,,,0.9972464999999999,,,1.0,0.0,1.0,0.0,0.0,53593567.80295,53941566.58485,,54030306.9607,22384824.826252,22147390.335245,71394171.70527601,54031287.6257,,0.0,,75.930275,,0.0,,80.88695,0.0,1.0,0.0
73,2024-01-18T00:36:00.000-0300,24990178.32185,308.1084274,47861725.231837995,47388694.408300005,45945172.788004,,312.11182629999996,312.1073135,338.79312999999996,,,,,0.9968809000000001,,,1.0,0.0,1.0,0.0,0.0,53589248.169758,53941635.2314,,54029655.603007,22384697.6340015,22144544.249282,71389610.828494,54028816.3499,,0.0,,75.930275,,0.0,,80.88695,0.0,1.0,0.0
74,2024-01-18T00:36:30.000-0300,24989678.1827,308.13623279999996,47861440.9370545,47387451.8076785,45945415.208392,,312.10614,312.1115364,338.80476,,,,,0.9968809000000001,,,1.0,0.0,1.0,0.0,0.0,53589248.169758,53941635.2314,,54033376.442150004,22385046.3584755,22148978.03188,71392264.90025,54038687.72379,,0.0,,75.930275,,0.0,,80.88695,0.0,1.0,0.0
75,2024-01-18T00:37:00.000-0300,24988266.0251,308.12036739999996,47859420.7671545,47387727.1784105,45945351.6613,,312.07385,312.13539729999997,338.79044999999996,,,,,0.9972005,,,1.0,0.0,1.0,0.0,0.0,53590415.357241,53941896.08829,,54029600.881900005,22383015.69546,22146475.3748,71383968.47435,54033498.240743,,0.0,,75.930275,,0.0,,80.88695,0.0,1.0,0.0
76,2024-01-18T00:37:30.000-0300,24988748.120014,308.1433624,47862937.333778,47387643.331553005,45946456.674622,,312.05793,312.1264366,338.77781999999996,,,,,0.9970937999999999,,,1.0,0.0,1.0,0.0,0.0,53594042.542876504,53940321.1403,,54031974.0912,22388824.664587498,22146187.255423,71384301.90044999,54035524.0985,,0.0,,75.930275,,0.0,,80.88695,0.0,1.0,0.0
77,2024-01-18T00:38:00.000-0300,24998622.7300985,308.12325999999996,47862096.315473996,47386990.993195,45946013.7082415,,312.07611999999995,312.15927,338.7663559,,,,,0.9970975,,,1.0,0.0,1.0,0.0,0.0,53588301.631900005,53942694.3496,,54032542.8769,22387407.603662502,22147946.372300003,71392333.5468,54038256.7215225,,0.0,,75.930275,,0.0,,80.88695,0.0,1.0,0.0
78,2024-01-18T00:38:30.000-0300,24988149.522098,308.10407,47861390.040541,47387700.210122995,45945672.534888,,312.08719479999996,312.1484665,338.76468509999995,,,,,0.9970975,,,1.0,0.0,1.0,0.0,0.0,53597568.916149996,53945631.049009,,54033911.296841,22390050.201638002,22144702.920879003,71397320.1302585,54036520.94447251,,0.0,,75.930275,,0.0,,80.88695,0.0,1.0,0.0
79,2024-01-18T00:39:00.000-0300,25002358.18115,308.09838329999997,47862790.626294,47387778.074924,45945400.69455,,312.06931,312.13586649999996,338.76977,,,,,0.9971716,,,1.0,0.0,1.0,0.0,0.0,53585653.8364,53937545.85835,,54036975.482700005,22388895.7628,22149865.337572,71403575.0077615,54044291.243599996,,0.0,,75.930275,,0.0,,80.88695,0.0,1.0,0.0
80,2024-01-18T00:39:30.000-0300,24979840.15142,308.11301649999996,47860950.114222,47387559.582762,45945145.721650004,,312.0471634,312.15545999999995,338.78202999999996,,,,,0.9970068999999999,,,1.0,0.0,1.0,0.0,0.0,53590415.357241,53939360.0886,,54033372.617556505,22384345.4772,22149856.4135205,71378208.440406,54041192.342199996,,0.0,,75.930275,,0.0,,80.88695,0.0,1.0,0.0
81,2024-01-18T00:40:00.000-0300,24994956.6120625,308.12786,47860752.608291,47387635.2901,45945118.949495494,,312.0410637,312.14715809999996,338.79076,,,,,0.9970068999999999,,,1.0,0.0,1.0,0.0,0.0,53591935.68219049,53946303.1968,,54022951.9732,22386680.3424985,22145608.1727405,71380069.938709,54029733.36974151,,0.0,,75.930275,,0.0,,80.88695,0.0,1.0,0.0
82,2024-01-18T00:40:30.000-0300,24970607.4846445,308.10499419999996,47862286.95675,47388604.089053504,45945867.098824,,312.05667339999997,312.13613,338.7998642,,,,,0.9972038000000001,,,1.0,0.0,1.0,0.0,0.0,53591815.942994,53943204.29539999,,54030212.228461,22387213.0397265,22147484.675217997,71408632.1991,54034867.05295,,0.0,,75.930275,,0.0,,80.88695,0.0,1.0,0.0
83,2024-01-18T00:41:00.000-0300,24987489.6326195,308.1070961,47857785.7044,47387080.724042505,45946663.202671,,312.06496999999996,312.1316933,338.79326,,,,,0.9974153,,,1.0,0.0,1.0,0.0,0.0,53596372.50485,53949882.624050006,,54037999.3950265,22385493.737848498,22148499.173160497,71407141.5883,54038705.66995949,,0.0,,75.930275,,0.0,,80.88695,0.0,1.0,0.0
84,2024-01-18T00:41:30.000-0300,25001028.8897425,308.1093239,47862114.2616435,47388226.9252945,45946474.620791495,,312.06811369999997,312.1316055,338.77887569999996,,,,,0.9970690999999999,,,1.0,0.0,1.0,0.0,0.0,53596372.50485,53949882.624050006,,54029517.91764101,22385169.235799998,22148828.9708,71370209.7444,54032666.244557,,0.0,,75.930275,,0.0,,80.88695,0.0,1.0,0.0
85,2024-01-18T00:42:00.000-0300,24993461.6863365,308.1125626,47861649.5245,47386870.3714,45945846.112593,,312.04419559999997,312.10970999999995,338.78254999999996,,,,,0.9970911,,,1.0,0.0,1.0,0.0,0.0,53595886.09501,53948965.0158095,,54031660.278400004,22388697.472337,22138735.378221,71384247.767742,54039623.2782,,0.0,,75.930275,,0.0,,80.88695,0.0,1.0,0.0
86,2024-01-18T00:42:30.000-0300,24992505.5379615,308.14829999999995,47860312.681972004,47387906.738172,45945636.05415,,312.0657677,312.12068409999995,338.77814,,,,,0.9973278000000001,,,1.0,0.0,1.0,0.0,0.0,53593195.15025,53943753.467800006,,54034602.2734,22387534.795913,22148476.715932,71396829.30742599,54035886.94455,,0.0,,75.930275,,0.0,,80.88695,0.0,1.0,0.0
87,2024-01-18T00:43:00.000-0300,24978410.34185,308.1015076,47862290.879410006,47386658.743893005,45945600.75021,,312.0611328,312.1208443,338.78560999999996,,,,,0.9973278000000001,,,1.0,0.0,1.0,0.0,0.0,53597147.2302,53948852.925799996,,54034925.89285,22386521.768967997,22145409.195811998,71397383.97155,54040652.976449996,,0.0,,75.930275,,0.0,,80.88695,0.0,1.0,0.0
88,2024-01-18T00:43:30.000-0300,24998410.219993003,308.0970139,47863535.8336275,47388449.24205,45945801.2962025,,312.0723976,312.1447472,338.79049999999995,,,,,0.997128,,,1.0,0.0,1.0,0.0,0.0,53595544.921656504,53941596.0048,,54027914.138100006,22386987.0945105,22147685.123144,71389886.1011595,54031959.969624005,,0.0,,75.930275,,0.0,,80.88695,0.0,1.0,0.0
89,2024-01-18T00:44:00.000-0300,24987551.0222485,308.10090479999997,47860453.1132,47387466.811853,45946085.590986,,312.06235999999996,312.1327156,338.76345,,,,,0.997179,,,1.0,0.0,1.0,0.0,0.0,53594979.96055,53946695.4628,,54034072.7143,22382273.528187998,22145879.0324135,71384876.2759405,54039191.78559999,,0.0,,75.930275,,0.0,,80.88695,0.0,1.0,0.0
90,2024-01-18T00:44:30.000-0300,25016848.585256502,308.10726999999997,47861713.267725,47387694.13,45945812.57385,,312.05098999999996,312.12413,338.76187,,,,,0.9975343999999999,,,1.0,0.0,1.0,0.0,0.0,53591995.5027555,53944679.411693,,54034867.05295,22389023.24925,22148823.871342,71390548.7365,54041015.822500005,,0.0,,75.930275,,0.0,,80.88695,0.0,1.0,0.0
91,2024-01-18T00:45:00.000-0300,25011650.178158,308.0845169,47860806.1526,47388152.100555,45945459.53445,,312.040892,312.1109451,338.77443999999997,,,,,0.9971472,,,1.0,0.0,1.0,0.0,0.0,53594156.20195,53949012.8722615,,54032606.423992,22387955.305065,22145992.7895535,71395937.490675,54041545.38159999,,0.0,,75.930275,,0.0,,80.88695,0.0,1.0,0.0
92,2024-01-18T00:45:30.000-0300,24990929.805439502,308.1098846,47861779.070346504,47386674.238400005,45946073.626873,,312.0498833,312.1115555,338.7843,,,,,0.9971472,,,1.0,0.0,1.0,0.0,0.0,53596754.964200005,53941909.8176,,54032606.423992,22387955.305065,22145992.7895535,71395937.490675,54041545.38159999,,0.0,,75.930275,,0.0,,80.88695,0.0,1.0,0.0
93,2024-01-18T00:46:00.000-0300,24996174.5979925,308.11300509999995,47860904.2191,47387890.263,45946312.713,,312.07037579999997,312.1412643,338.77416999999997,,,,,0.9973228000000001,,,1.0,0.0,1.0,0.0,0.0,53591720.132023506,53945690.9676405,,54031836.7981,22383775.906968,22151290.43995,71386380.91025,54034357.10715,,0.0,,75.930275,,0.0,,80.88695,0.0,1.0,0.0
94,2024-01-18T00:46:30.000-0300,24995255.812954,308.12594449999995,47858232.691507004,47389498.5536,45945522.9834755,,312.08454739999996,312.15864,338.77859,,,,,0.9970164490000001,,,1.0,0.0,1.0,0.0,0.0,53592474.361475,53945307.821825005,,54038995.6526,22387684.445392,22146811.2525625,71392009.92735,54042320.10695,,0.0,,75.930275,,0.0,,80.88695,0.0,1.0,0.0
95,2024-01-18T00:47:00.000-0300,24994667.806220002,308.07771529999997,47860163.032493,47386640.797723494,45945510.921296,,312.08995289999996,312.15877,338.79522549999996,,,,,0.9970998,,,1.0,0.0,1.0,0.0,0.0,53597083.192775495,53945858.563288994,,54033798.1281,22385656.822438,22150806.579839002,71382517.09015,54031915.25130001,,0.0,,75.930275,,0.0,,80.88695,0.0,1.0,0.0
96,2024-01-18T00:47:30.000-0300,24991115.347257502,308.08240739999997,47861536.6499585,47389406.0768905,45946124.5233865,,312.09475999999995,312.16134999999997,338.79507,,,,,0.9970998,,,1.0,0.0,1.0,0.0,0.0,53597083.192775495,53943021.4013775,,54032680.17,22383404.823332,22146815.763621498,71382517.09015,54034867.05295,,0.0,,75.930275,,0.0,,80.88695,0.0,1.0,0.0
97,2024-01-18T00:48:00.000-0300,25000186.400441002,308.10004,47865358.39953,47388882.4017805,45945729.413458,,312.07192999999995,312.1282829,338.80352999999997,,,,,0.9972555540000001,,,1.0,0.0,1.0,0.0,0.0,53593809.1446065,53942105.950600006,,54031248.399100006,22387928.3367775,22148141.524635,71386276.8616935,54040794.584475994,,0.0,,75.930275,,0.0,,80.88695,0.0,1.0,0.0
98,2024-01-18T00:48:30.000-0300,25002197.548223,308.0765823,47864912.4911545,47388763.054850005,45946244.06645,,312.06568369999997,312.1266121,338.79522999999995,,,,,0.9971332549999999,,,1.0,0.0,1.0,0.0,0.0,53597843.502349995,53946355.2701115,,54037400.7971105,22381422.114835,22148887.8107,71397697.78435,54042427.9801,,0.0,,75.930275,,0.0,,80.88695,0.0,1.0,0.0
99,2024-01-18T00:49:00.000-0300,24988763.026122,308.07814249999996,47864035.678578004,47388566.92185,45946295.06103,,312.0894722,312.14025999999996,338.79328,,,,,0.9971332549999999,,,1.0,0.0,1.0,0.0,0.0,53593198.5825775,53945110.315894,,54037400.7971105,22381422.114835,22148887.8107,71397697.78435,54042427.9801,,0.0,,75.930275,,0.0,,80.88695,0.0,1.0,0.0
100,2024-01-18T00:49:30.000-0300,24982574.049307,308.0839638,47863422.076487504,47389780.200587995,45945596.82755,,312.08334579999996,312.12254559999997,338.78066,,,,,0.9972199,,,1.0,0.0,1.0,0.0,0.0,53600942.40375,53946062.0512765,,54032758.62320001,22385978.578624498,22146815.763621498,71401885.22389999,54038907.39275,,0.0,,75.930275,,0.0,,80.88695,0.0,1.0,0.0
101,2024-01-18T00:50:00.000-0300,24998502.990902003,308.09098659999995,47858612.797261,47387968.7162,45946064.604755,,312.0633949,312.1253036,338.79175,,,,,0.9971437000000001,,,1.0,0.0,1.0,0.0,0.0,53598981.07375,53940932.486861005,,54032480.702739,22383856.713764,22145653.087197497,71382541.9009745,54035406.418699995,,0.0,,75.930275,,0.0,,80.88695,0.0,1.0,0.0
102,2024-01-18T00:50:30.000-0300,24986422.374900002,308.07336,47859360.9465895,47386069.168095,45945704.7007,,312.06771319999996,312.1215919,338.7929749,,,,,0.9969764999999999,,,1.0,0.0,1.0,0.0,0.0,53598981.07375,53940932.486861005,,54043960.95562799,22383657.638769,22144074.4126805,71401192.7763435,54042879.085999995,,0.0,,75.930275,,0.0,,80.88695,0.0,1.0,0.0
103,2024-01-18T00:51:00.000-0300,24981110.6029275,308.08448999999996,47860387.5067115,47388451.399513006,45946253.873100005,,312.0728668,312.13018,338.79922999999997,,,,,0.9973723,,,1.0,0.0,1.0,0.0,0.0,53594401.368200004,53944959.68575,,54032493.843650006,22389747.960685,22154864.767742,71373048.8676415,54032101.57765,,0.0,,75.930275,,0.0,,80.88695,0.0,1.0,0.0
104,2024-01-18T00:51:30.000-0300,24994673.7882765,308.0684265,47865356.4382,47388498.2753,45946070.5868115,,312.06362379999996,312.1238274,338.7773956,,,,,0.9971099,,,1.0,0.0,1.0,0.0,0.0,53601854.4222,53953099.20525,,54034200.20075,22385656.822438,22147694.145262,71376460.6011765,54031268.0124,,0.0,,75.930275,,0.0,,80.88695,0.0,1.0,0.0
105,2024-01-18T00:52:00.000-0300,24988737.6268985,308.0848335,47862983.2289,47387984.5049065,45945879.062937,,312.07462,312.13094559999996,338.77820429999997,,,,,0.9971082,,,1.0,0.0,1.0,0.0,0.0,53595532.9575435,53945195.04535,,54033157.0673895,22384064.7128105,22143775.1137225,71380512.807023,54036754.342742495,,0.0,,75.930275,,0.0,,80.88695,0.0,1.0,0.0
106,2024-01-18T00:52:30.000-0300,24985876.536761,308.0677437,47858580.04305,47389729.304074496,45945949.86695,,312.08218999999997,312.14531999999997,338.78042,,,,,0.9971082,,,1.0,0.0,1.0,0.0,0.0,53595532.9575435,53945195.04535,,54038137.0803925,22384345.4772,22142562.52145,71378721.9166,54032180.03085001,,0.0,,75.930275,,0.0,,80.88695,0.0,1.0,0.0
107,2024-01-18T00:53:00.000-0300,24995412.915487003,308.07443,47859702.119943,47388831.701400004,45945959.673599996,,312.06678,312.131102,338.7406754,,,,,0.9972042000000001,,,1.0,0.0,1.0,0.0,0.0,53594180.2282425,53946995.742423,,54044020.776193,22390009.79824,22142364.034854,71401408.228444,54045046.35565,,0.0,,75.930275,,0.0,,80.88695,0.0,1.0,0.0
108,2024-01-18T00:53:30.000-0300,25002410.058328502,308.0694031,47862530.2597365,47388998.41445,45945864.156829,,312.07273999999995,312.12821809999997,338.74408999999997,,,,,0.9974259999999999,,,1.0,0.0,1.0,0.0,0.0,53595317.505443,53946989.6623,,54039280.045449995,22381473.0113485,22146272.573278,71382919.1628,54038848.55285,,0.0,,75.930275,,0.0,,80.88695,0.0,1.0,0.0
109,2024-01-18T00:54:00.000-0300,25007835.8816405,308.07365,47865735.563289,47388929.7679,45946293.0997,,312.0832466,312.12838999999997,338.74627,,,,,0.997146759,,,1.0,0.0,1.0,0.0,0.0,53594715.181,53946126.6771,,54034033.48769999,22381969.718171,22147430.738643,71387322.34865,54041207.640574,,0.0,,75.930275,,0.0,,80.88695,0.0,1.0,0.0
110,2024-01-18T00:54:30.000-0300,25018380.874319002,308.07156,47866013.48375,47390040.5671455,45946594.359988004,,312.11973,312.12368999999995,338.7398743,,,,,0.997403946,,,1.0,0.0,1.0,0.0,0.0,53600644.575789504,53950941.742249995,,54035617.1636085,22386434.29365,22146436.1482,71376304.969641,54037873.6737735,,0.0,,75.930275,,0.0,,80.88695,0.0,1.0,0.0
111,2024-01-18T00:55:00.000-0300,25005684.1064975,308.05579609999995,47867261.7722285,47388666.8516135,45945914.955276,,312.14209209999996,312.1517128,338.7371,,,,,0.9973042,,,1.0,0.0,1.0,0.0,0.0,53595730.463474505,53948029.1672,,54033033.209400006,22381839.5839255,22142531.6305025,71389886.1011595,54036318.43715,,0.0,,75.930275,,0.0,,80.88695,0.0,1.0,0.0
112,2024-01-18T00:55:30.000-0300,24973971.3617275,308.0530037,47865738.89755,47388520.242196,45945947.90562,,312.13852999999995,312.16505279999996,338.73974,,,,,0.9973042,,,1.0,0.0,1.0,0.0,0.0,53601932.87539999,53952448.5340225,,54035647.07389101,22391566.0155285,22147739.059719,71376275.0593585,54036053.6576,,0.0,,75.930275,,0.0,,80.88695,0.0,1.0,0.0
113,2024-01-18T00:56:00.000-0300,24989182.064276498,308.04575,47862365.409949996,47387233.21745,45945910.64035,,312.10247269999996,312.14934769999996,338.74111999999997,,,,,0.9972414999999999,,,1.0,0.0,1.0,0.0,0.0,53600997.713256,53949731.111307494,,54036122.30414999,22385581.1151,22142426.8954805,71381111.404939,54038985.84595,,0.0,,75.930275,,0.0,,80.88695,0.0,1.0,0.0
114,2024-01-18T00:56:30.000-0300,25007669.756989498,308.06138999999996,47862335.99,47388140.136442006,45945962.9097945,,312.09966,312.15292209999996,338.742804,,,,,0.9972124,,,1.0,0.0,1.0,0.0,0.0,53600997.713256,53949731.111307494,,54038149.0445055,22384896.708996497,22145159.32237,71402355.9431,54036494.95685,,0.0,,75.930275,,0.0,,80.88695,0.0,1.0,0.0
115,2024-01-18T00:57:00.000-0300,25008579.617976498,308.03135999999995,47860511.9531,47387252.83075,45946091.5730425,,312.07446,312.15613399999995,338.75226,,,,,0.9972416,,,1.0,0.0,1.0,0.0,0.0,53603041.02684999,53950853.48239999,,54037706.078125,22383015.69546,22146436.1482,71388244.17375,54034078.89248951,,0.0,,75.930275,,0.0,,80.88695,0.0,1.0,0.0
116,2024-01-18T00:57:30.000-0300,25007614.54555,308.04834589999996,47867079.270472,47388229.965356,45945636.05415,,312.09436999999997,312.15437999999995,338.76185,,,,,0.9971298000000001,,,1.0,0.0,1.0,0.0,0.0,53600834.530600004,53950251.8444225,,54033425.4754,22385272.303691503,22147575.877063,71397457.8156245,54041884.005224496,,0.0,,75.930275,,0.0,,80.88695,0.0,1.0,0.0
117,2024-01-18T00:58:00.000-0300,24986018.733186,308.0461067,47862463.47645,47389112.8580555,45945881.2204,,312.09709399999997,312.1472229,338.7686,,,,,0.997139,,,1.0,0.0,1.0,0.0,0.0,53602305.5281,53951269.3824265,,54031738.7316,22388652.557880003,22145521.383888,71404586.563709,54030699.2267,,0.0,,75.930275,,0.0,,80.88695,0.0,1.0,0.0
118,2024-01-18T00:58:30.000-0300,25010626.6580975,308.0367149,47865382.327756,47388782.66815,45946016.748302996,,312.07216999999997,312.13156999999995,338.78770999999995,,,,,0.9972933,,,1.0,0.0,1.0,0.0,0.0,53599177.20675,53951775.3075,,54041329.6353,22384254.7656875,22148385.416020498,71390358.9778225,54040986.402550004,,0.0,,75.930275,,0.0,,80.88695,0.0,1.0,0.0
119,2024-01-18T00:59:00.000-0300,25009466.9236685,308.0596031,47866046.7282935,47388256.9336435,45946381.35955,,312.0883621,312.13816999999995,338.78186999999997,,,,,0.9973042,,,1.0,0.0,1.0,0.0,0.0,53598618.2277,53951677.241,,54038064.02085,22384616.8272055,22147598.3342915,71374539.2823085,54039567.576428,,0.0,,75.930275,,0.0,,80.88695,0.0,1.0,0.0
120,2024-01-18T00:59:30.000-0300,25012577.887248,308.0596031,47862816.51585,47389564.7484875,45946453.732627,,312.07741999999996,312.1176781,338.7805542,,,,,0.9970438,,,1.0,0.0,1.0,0.0,0.0,53600722.342524,53952161.297244005,,54038256.7215225,22387014.062798,22147041.708837498,71403758.29405,54039054.4925,,0.0,,75.930275,,0.0,,80.88695,0.0,1.0,0.0
121,2024-01-18T01:00:00.000-0300,24996366.318,308.0312447,47864346.35325,47389596.6201,45946977.407737,,312.07212999999996,312.10799999999995,338.76662999999996,,,,,0.9970438,,,1.0,0.0,1.0,0.0,0.0,53600722.342524,53952161.297244005,,54037969.484744005,22386508.235790998,22146169.3092535,71409135.476378,54043188.780007005,,0.0,,75.930275,,0.0,,80.88695,0.0,1.0,0.0
122,2024-01-18T01:00:30.000-0300,25008727.6983915,308.0566963,47862257.5368,47387984.5049065,45946538.26595,,312.05798999999996,312.0797752,338.75039999999996,,,,,0.9972572,,,1.0,0.0,1.0,0.0,0.0,53601275.82985,53951608.59445,,54037676.1678425,22385770.579578,22143092.08055,71383909.63445,54038770.09965,,0.0,,75.930275,,0.0,,80.88695,0.0,1.0,0.0
123,2024-01-18T01:01:00.000-0300,25003072.889801998,308.0186447,47858693.604057,47387347.0726565,45946001.744128495,,312.0535263,312.06374,338.75147999999996,,,,,0.9971634,,,1.0,0.0,1.0,0.0,0.0,53600275.55155,53948581.9680605,,54037951.44050801,22387421.038773,22150534.2491685,71388024.6028565,54040015.5442,,0.0,,75.930275,,0.0,,80.88695,0.0,1.0,0.0
124,2024-01-18T01:01:30.000-0300,25000622.404099997,308.0633148,47862669.4161,47387523.690423,45946591.3199265,,312.05695,312.06700739999997,338.742804,,,,,0.9971634,,,1.0,0.0,1.0,0.0,0.0,53602795.8606,53957901.32562201,,54037951.44050801,22387421.038773,22150534.2491685,71388024.6028565,54040015.5442,,0.0,,75.930275,,0.0,,80.88695,0.0,1.0,0.0
125,2024-01-18T01:02:00.000-0300,24993002.63705,308.02680999999995,47862985.19023,47387290.1940865,45945910.64035,,312.0685638,312.10666499999996,338.73902999999996,,,,,0.9973816999999999,,,1.0,0.0,1.0,0.0,0.0,53601093.524226494,53954615.31333999,,54040166.0762775,22386137.152155,22146390.841477003,71377829.51145001,54038740.679699995,,0.0,,75.930275,,0.0,,80.88695,0.0,1.0,0.0
126,2024-01-18T01:02:30.000-0300,25006849.626849998,308.0397476,47862018.5487395,47386185.86723,45945403.244279,,312.05733999999995,312.11877289999995,338.74811,,,,,0.9973816999999999,,,1.0,0.0,1.0,0.0,0.0,53594577.8879,53946528.749749996,,54035814.669539504,22386137.152155,22146390.841477003,71377829.51145001,54038740.679699995,,0.0,,75.930275,,0.0,,80.88695,0.0,1.0,0.0
127,2024-01-18T01:03:00.000-0300,24984989.231069,308.03886639999996,47858030.87065,47386889.9847,45946469.6194,,312.0850967,312.1396049,338.77403999999996,,,,,0.9973206,,,1.0,0.0,1.0,0.0,0.0,53601907.4761765,53949791.029939,,54035018.5656925,22384304.093137,22144808.2443,71387749.330191,54039270.2388,,0.0,,75.930275,,0.0,,80.88695,0.0,1.0,0.0
128,2024-01-18T01:03:30.000-0300,24986449.637387,308.07271,47863581.43455,47388566.92185,45945812.57385,,312.09403999999995,312.1201958,338.76894,,,,,0.9972099,,,1.0,0.0,1.0,0.0,0.0,53597049.16369999,53952000.86045,,54037946.34105,22380970.224403,22143739.319450002,71387665.58139999,54041241.37545001,,0.0,,75.930275,,0.0,,80.88695,0.0,1.0,0.0
129,2024-01-18T01:04:00.000-0300,25010080.4276925,308.0498032,47858624.761374,47388876.419724,45946681.1488405,,312.07088319999997,312.0990242,338.7844757,,,,,0.9970431999999999,,,1.0,0.0,1.0,0.0,0.0,53598447.8861895,53948597.9529,,54032821.8760925,22388032.777599998,22148517.11933,71382791.67635,54037760.014699996,,0.0,,75.930275,,0.0,,80.88695,0.0,1.0,0.0
130,2024-01-18T01:04:30.000-0300,24994546.596026,308.0585159,47866313.0769075,47387098.670212,45946510.5131305,,312.0572952,312.09477,338.77856999999995,,,,,0.9970431999999999,,,1.0,0.0,1.0,0.0,0.0,53602609.534250006,53951389.121623,,54032821.8760925,22388032.777599998,22148517.11933,71382791.67635,54037760.014699996,,0.0,,75.930275,,0.0,,80.88695,0.0,1.0,0.0
131,2024-01-18T01:05:00.000-0300,25007192.8596,308.06877749999995,47866929.620992996,47386392.395279,45946371.5529,,312.0544266,312.09191,338.7767242,,,,,0.9972289999999999,,,1.0,0.0,1.0,0.0,0.0,53602629.14755,53957090.5118,,54038502.181972,22388205.178507,22142824.947403997,71396099.3004,54039789.99125,,0.0,,75.930275,,0.0,,80.88695,0.0,1.0,0.0
132,2024-01-18T01:05:30.000-0300,24984279.9160745,308.06597999999997,47858092.064146005,47387167.512895,45946947.4974545,,312.09283999999997,312.128157,338.77437999999995,,,,,0.997184753,,,1.0,0.0,1.0,0.0,0.0,53602338.478443995,53951161.7054095,,54036862.117826,22386267.5806,22149946.9289,71388244.17375,54043457.678349994,,0.0,,75.930275,,0.0,,80.88695,0.0,1.0,0.0
133,2024-01-18T01:06:00.000-0300,25006806.3795235,308.07178339999996,47861985.5983955,47387852.8996635,45946136.1933,,312.121653,312.1265549,338.76002,,,,,0.9973905000000001,,,1.0,0.0,1.0,0.0,0.0,53594607.307849996,53946355.2701115,,54045343.595211506,22384322.0393065,22148680.2039195,71398776.51585,54042392.774226494,,0.0,,75.930275,,0.0,,80.88695,0.0,1.0,0.0
134,2024-01-18T01:06:30.000-0300,24984067.405968998,308.0611748,47864022.7338,47386311.392349996,45946469.6194,,312.13261259999996,312.14851999999996,338.74478,,,,,0.9971519000000001,,,1.0,0.0,1.0,0.0,0.0,53604044.345211506,53950716.18929999,,54037029.713474505,22389330.393528,22145255.035274,71386292.6504,54039613.47155,,0.0,,75.930275,,0.0,,80.88695,0.0,1.0,0.0
135,2024-01-18T01:07:00.000-0300,24983193.5353875,308.05234379999996,47862664.905041,47387798.9630885,45945708.5252935,,312.11566999999997,312.15485609999996,338.75190999999995,,,,,0.9971519000000001,,,1.0,0.0,1.0,0.0,0.0,53605855.5354,53957384.71130001,,54038442.2633405,22384892.1979375,22147893.122190498,71401773.3300235,54036514.570149995,,0.0,,75.930275,,0.0,,80.88695,0.0,1.0,0.0
136,2024-01-18T01:07:30.000-0300,24991004.630179,308.07435,47861892.8274865,47388520.242196,45945959.673599996,,312.10673369999995,312.1308769,338.76424,,,,,0.9971174,,,1.0,0.0,1.0,0.0,0.0,53605855.5354,53957384.71130001,,54036784.3510915,22389412.769387998,22147453.1958715,71376819.42650001,54043732.26455,,0.0,,75.930275,,0.0,,80.88695,0.0,1.0,0.0
137,2024-01-18T01:08:00.000-0300,24994350.5610925,308.0913,47862446.5109455,47386478.1054,45946639.274445,,312.09243,312.11048359999995,338.76247,,,,,0.9970044,,,1.0,0.0,1.0,0.0,0.0,53599804.83235001,53951299.29270899,,54041590.688323006,22383775.906968,22144548.760341,71379781.03480001,54042991.274076,,0.0,,75.930275,,0.0,,80.88695,0.0,1.0,0.0
138,2024-01-18T01:08:30.000-0300,24992404.431399997,308.0584854,47859560.70805,47386676.6900625,45946262.110686,,312.07289349999996,312.1126579,338.7577957,,,,,0.9973723,,,1.0,0.0,1.0,0.0,0.0,53604816.030499995,53949323.645,,54040172.450600006,22380471.850449998,22150502.8678885,71391990.31405,54047782.411,,0.0,,75.930275,,0.0,,80.88695,0.0,1.0,0.0
139,2024-01-18T01:09:00.000-0300,24983591.587311,308.0957664,47862308.8255795,47386494.188306,45946211.312239,,312.0669731,312.10882419999996,338.76034999999996,,,,,0.9973723,,,1.0,0.0,1.0,0.0,0.0,53604816.030499995,53949323.645,,54047243.045250006,22382689.526281,22142757.5757185,71392555.6674225,54043990.8659105,,0.0,,75.930275,,0.0,,80.88695,0.0,1.0,0.0
140,2024-01-18T01:09:30.000-0300,24986502.004898,308.09193999999997,47861417.0088285,47386530.080644995,45946333.9934305,,312.05949,312.0895943,338.77742609999996,,,,,0.9973197,,,1.0,0.0,1.0,0.0,0.0,53599844.05894999,53949300.2071065,,54043619.7822745,22385421.855104,22146173.8203125,71387809.150756,54045673.981249996,,0.0,,75.930275,,0.0,,80.88695,0.0,1.0,0.0
141,2024-01-18T01:10:00.000-0300,24987211.3198925,308.09472,47861522.038049996,47386853.307829,45946836.780376,,312.07208479999997,312.06761,338.76585,,,,,0.9971538,,,1.0,0.0,1.0,0.0,0.0,53599775.4124,53953775.864099994,,54046971.597178,22381645.0199895,22142408.949311,71393902.6108,54047414.563558504,,0.0,,75.930275,,0.0,,80.88695,0.0,1.0,0.0
142,2024-01-18T01:10:30.000-0300,24995531.183686,308.09205999999995,47862404.63655,47385117.530779004,45946564.4497055,,312.10691679999996,312.10168,338.7368454,,,,,0.997025452,,,1.0,0.0,1.0,0.0,0.0,53601644.167624,53946371.84335001,,54038927.00605,22391349.0924305,22148951.0635925,71383876.68410599,54040976.59590001,,0.0,,75.930275,,0.0,,80.88695,0.0,1.0,0.0
143,2024-01-18T01:11:00.000-0300,24988228.8578965,308.1074432,47859688.1945,47386536.9453,45946432.746396005,,312.11578999999995,312.12617,338.7288956,,,,,0.9972029,,,1.0,0.0,1.0,0.0,0.0,53599167.4001,53949323.645,,54044781.5761,22389936.444498003,22147323.061626,71383571.4030915,54043879.3643,,0.0,,75.930275,,0.0,,80.88695,0.0,1.0,0.0
144,2024-01-18T01:11:30.000-0300,24993443.9363,308.11717,47866501.658787005,47385850.4798,45946430.392799996,,312.11431,312.13029329999995,338.72839999999997,,,,,0.9972029,,,1.0,0.0,1.0,0.0,0.0,53599167.4001,53949323.645,,54042117.4034945,22383087.5782045,22142518.195392,71389420.97175,54038220.927250005,,0.0,,75.930275,,0.0,,80.88695,0.0,1.0,0.0
145,2024-01-18T01:12:00.000-0300,24988960.6301195,308.1102165,47856867.998092994,47386132.0287215,45946734.398949996,,312.1010841,312.13307799999995,338.72805,,,,,0.9971383,,,1.0,0.0,1.0,0.0,0.0,53603384.2596,53955599.90099999,,54038838.7462,22386671.418447,22144043.3256,71385397.0090555,54046762.5194,,0.0,,75.930275,,0.0,,80.88695,0.0,1.0,0.0
146,2024-01-18T01:12:30.000-0300,24993141.499214,308.11224,47862718.44935,47386257.7499745,45946204.83985,,312.0931419,312.11071999999996,338.73587999999995,,,,,0.997221146,,,1.0,0.0,1.0,0.0,0.0,53600309.3844925,53952053.5221605,,54044546.2165,22382354.727250002,22141975.005048502,71389568.0715,54047831.44425,,0.0,,75.930275,,0.0,,80.88695,0.0,1.0,0.0
147,2024-01-18T01:13:00.000-0300,24974159.943607,308.11287,47859633.27726,47386862.2318805,45946271.132804,,312.0811829,312.0872864,338.75545,,,,,0.9971572000000001,,,1.0,0.0,1.0,0.0,0.0,53601949.4486385,53954142.436676994,,54041241.37545001,22386291.312693,22142789.055065,71391705.92119999,54042745.911693,,0.0,,75.930275,,0.0,,80.88695,0.0,1.0,0.0
148,2024-01-18T01:13:30.000-0300,25006843.74286,308.1217941,47862371.686206,47386401.417397,45946538.26595,,312.05636999999996,312.07230219999997,338.76285399999995,,,,,0.9973748,,,1.0,0.0,1.0,0.0,0.0,53603472.51945,53954310.0323255,,54039316.133922,22384064.7128105,22140052.019050002,71378346.0277055,54043709.51312201,,0.0,,75.930275,,0.0,,80.88695,0.0,1.0,0.0
149,2024-01-18T01:14:00.000-0300,24987714.106838,308.1186623,47861949.7060565,47383603.187886,45946812.85215,,312.05890999999997,312.08119,338.76131,,,,,0.9973748,,,1.0,0.0,1.0,0.0,0.0,53602334.94804999,53955429.3633565,,54040221.48385,22386606.9887565,22148937.628482003,71397776.23755,54044801.1894,,0.0,,75.930275,,0.0,,80.88695,0.0,1.0,0.0
150,2024-01-18T01:14:30.000-0300,24981405.3908265,308.10904539999996,47861123.691927,47385479.592297,45946585.33787,,312.0776848,312.12432329999996,338.75567,,,,,0.997441254,,,1.0,0.0,1.0,0.0,0.0,53602795.8606,53956335.39975,,54042202.427149996,22390231.232397,22148711.291,71382344.39504349,54037981.448856995,,0.0,,75.930275,,0.0,,80.88695,0.0,1.0,0.0
151,2024-01-18T01:15:00.000-0300,24986259.58451,308.1049179,47861330.219976,47385228.2478575,45946199.348126,,312.0730766,312.1392845,338.75327999999996,,,,,0.9973359,,,1.0,0.0,1.0,0.0,0.0,53598088.6686,53950068.9504,,54045433.326059,22384616.8272055,22146263.649226498,71393225.95195,54050528.273,,0.0,,75.930275,,0.0,,80.88695,0.0,1.0,0.0
152,2024-01-18T01:15:30.000-0300,24982192.4725555,308.1074966,47861425.93288,47384013.203922495,45946165.61325,,312.07178999999996,312.14165729999996,338.7724747,,,,,0.9972302999999999,,,1.0,0.0,1.0,0.0,0.0,53602942.96035,53952448.5340225,,54041525.7683,22386598.064705003,22149806.9880045,71389856.19087699,54047135.1721,,0.0,,75.930275,,0.0,,80.88695,0.0,1.0,0.0
153,2024-01-18T01:16:00.000-0300,24993098.0557545,308.11039999999997,47859884.3275,47385766.927142,45946695.17235,,312.0858826,312.1688675,338.74869,,,,,0.9972352600000001,,,1.0,0.0,1.0,0.0,0.0,53606378.720177494,53960424.7728,,54043153.6722,22382526.4416915,22143028.4353915,71387783.2612,54045605.3347,,0.0,,75.930275,,0.0,,80.88695,0.0,1.0,0.0
154,2024-01-18T01:16:30.000-0300,25009458.195749998,308.1081871,47856491.2266,47388380.5955,45946378.907887496,,312.1295532,312.1570152,338.74769,,,,,0.9972352600000001,,,1.0,0.0,1.0,0.0,0.0,53606516.307477,53957600.4576,,54043153.6722,22386340.6401425,22143028.4353915,71387783.2612,54045605.3347,,0.0,,75.930275,,0.0,,80.88695,0.0,1.0,0.0
155,2024-01-18T01:17:00.000-0300,24992453.46465,308.10996,47862332.753805496,47387852.8996635,45946704.979,,312.1437439,312.12692999999996,338.7504944,,,,,0.9973808,,,1.0,0.0,1.0,0.0,0.0,53610896.1535,53954537.546605505,,54046199.519623496,22384037.744523,22146806.7415035,71384135.1874,54039980.5344595,,0.0,,75.930275,,0.0,,80.88695,0.0,1.0,0.0
156,2024-01-18T01:17:30.000-0300,25008649.931657,308.1365379,47860318.664028496,47388957.22652,45945743.927300006,,312.10560999999996,312.1005234,338.75192999999996,,,,,0.9970627000000001,,,1.0,0.0,1.0,0.0,0.0,53602506.0740925,53957198.38495,,54045708.696791,22380816.063865,22146526.957779,71389131.9697745,54043830.33105,,0.0,,75.930275,,0.0,,80.88695,0.0,1.0,0.0
157,2024-01-18T01:18:00.000-0300,24970827.545870498,308.1219162,47867884.2983705,47388149.15856,45946181.303890005,,312.1021942,312.09474,338.77398,,,,,0.9970627000000001,,,1.0,0.0,1.0,0.0,0.0,53605512.30265,53959757.9206,,54043559.863643005,22387783.1983575,22143757.167553,71397948.638457,54047654.92455,,0.0,,75.930275,,0.0,,80.88695,0.0,1.0,0.0
158,2024-01-18T01:18:30.000-0300,24980404.3279945,308.1363129,47859325.34845,47386988.0512,45946371.5529,,312.0780739,312.06967999999995,338.78153,,,,,0.9974037,,,1.0,0.0,1.0,0.0,0.0,53601183.255074,53955894.1005,,54046272.186900005,22385068.717637498,22144883.951638002,71387155.6356,54044050.6864755,,0.0,,75.930275,,0.0,,80.88695,0.0,1.0,0.0
159,2024-01-18T01:19:00.000-0300,25012565.923134997,308.11544269999996,47863679.501049995,47386925.092507,45947025.264189,,312.07146,312.06542429999996,338.7810654,,,,,0.9970328519999999,,,1.0,0.0,1.0,0.0,0.0,53606851.498774,53959983.47355,,54040407.8102,22387458.500176,22142055.8118445,71383095.6825,54041237.5508565,,0.0,,75.930275,,0.0,,80.88695,0.0,1.0,0.0
160,2024-01-18T01:19:30.000-0300,24997445.0495,308.1337532,47862983.2289,47387819.949319504,45946974.465742,,312.05618999999996,312.06922999999995,338.77013999999997,,,,,0.9972710419999999,,,1.0,0.0,1.0,0.0,0.0,53602540.8877,53953005.257543005,,54049616.254549995,22384702.1450605,22146960.9020415,71393848.478092,54051670.257392496,,0.0,,75.930275,,0.0,,80.88695,0.0,1.0,0.0
161,2024-01-18T01:20:00.000-0300,25018637.22015,308.1439079,47864669.9727,47387882.809946,45946854.726545505,,312.05508649999996,312.0753349,338.76358,,,,,0.9972710419999999,,,1.0,0.0,1.0,0.0,0.0,53612783.149093,53960071.7334,,54037628.3113905,22389394.8232185,22148249.2997185,71384002.405359,54044654.08965,,0.0,,75.930275,,0.0,,80.88695,0.0,1.0,0.0
162,2024-01-18T01:20:30.000-0300,24998932.424105503,308.1067146,47863137.781704,47388759.6225225,45946693.1129535,,312.0142426,312.06802,338.73803999999996,,,,,0.9973263,,,1.0,0.0,1.0,0.0,0.0,53608022.80505001,53957350.682224505,,54044006.85075,22385929.1531085,22145006.632829502,71382271.92390001,54048396.2092235,,0.0,,75.930275,,0.0,,80.88695,0.0,1.0,0.0
163,2024-01-18T01:21:00.000-0300,25000470.6952245,308.12514719999996,47861632.460929,47387736.102462,45946293.0997,,312.03031999999996,312.06507,338.7528,,,,,0.997199554,,,1.0,0.0,1.0,0.0,0.0,53607761.359761,53955717.5808,,54044984.475688495,22384250.2546285,22145131.86375,71403415.06130001,54051263.771749996,,0.0,,75.930275,,0.0,,80.88695,0.0,1.0,0.0
164,2024-01-18T01:21:30.000-0300,25015868.410589002,308.13004,47859543.5464125,47387493.780140504,45946513.553192,,312.03561249999996,312.06552,338.75919999999996,,,,,0.9973309,,,1.0,0.0,1.0,0.0,0.0,53605835.9221,53954001.41705,,54045889.72755,22383843.180587,22144711.8449305,71367488.39902501,54044310.85690001,,0.0,,75.930275,,0.0,,80.88695,0.0,1.0,0.0
165,2024-01-18T01:22:00.000-0300,24984372.78505,308.127253,47862416.600663,47386434.2696745,45946181.303890005,,312.04533999999995,312.088755,338.75612,,,,,0.9970326,,,1.0,0.0,1.0,0.0,0.0,53602217.26825,53956722.174026005,,54038868.166149996,22388453.5809515,22141879.194078002,71363035.1011935,54042374.7299905,,0.0,,75.930275,,0.0,,80.88695,0.0,1.0,0.0
166,2024-01-18T01:22:30.000-0300,25009155.6605975,308.1180023,47864101.187,47387305.198261,45947085.1828205,,312.08229,312.10240999999996,338.75572999999997,,,,,0.997290344,,,1.0,0.0,1.0,0.0,0.0,53606463.547699995,53953956.89485899,,54046570.6032595,22391159.0395535,22150086.8697955,71394049.71055,54055657.15095,,0.0,,75.930275,,0.0,,80.88695,0.0,1.0,0.0
167,2024-01-18T01:23:00.000-0300,24998185.7457745,308.0909637,47860602.958812,47387559.582762,45946354.881595,,312.08725999999996,312.07173389999997,338.75482999999997,,,,,0.9972941590000001,,,1.0,0.0,1.0,0.0,0.0,53606336.06125,53953388.305292,,54047037.1056,22385041.74935,22140961.9781035,71394432.1699,54052322.88995,,0.0,,75.930275,,0.0,,80.88695,0.0,1.0,0.0
168,2024-01-18T01:23:30.000-0300,24997738.3664015,308.13632429999996,47860433.4999,47386134.87265,45946857.6685405,,312.0667557,312.06232,338.75897,,,,,0.9972941590000001,,,1.0,0.0,1.0,0.0,0.0,53606516.307477,53956967.6344755,,54041721.9013,22386054.8743615,22149000.4891085,71390466.752906,54052999.5488,,0.0,,75.930275,,0.0,,80.88695,0.0,1.0,0.0
169,2024-01-18T01:24:00.000-0300,25006821.2856315,308.1369881,47861608.532703,47387071.799991004,45946259.168691,,312.05242,312.0726952,338.75075999999996,,,,,0.9971048,,,1.0,0.0,1.0,0.0,0.0,53609415.34935,53960071.7334,,54045235.820128,22387937.3588955,22144092.358850002,71383894.6302755,54049994.3009075,,0.0,,75.930275,,0.0,,80.88695,0.0,1.0,0.0
170,2024-01-18T01:24:30.000-0300,24994171.001331,308.10884699999997,47863816.79415,47385608.255545,45946749.9915235,,312.06111999999996,312.07889789999996,338.75734,,,,,0.9972141999999999,,,1.0,0.0,1.0,0.0,0.0,53609415.34935,53960071.7334,,54044493.652856,22389638.714604,22145114.407913,71404837.02555001,54050287.617809,,0.0,,75.930275,,0.0,,80.88695,0.0,1.0,0.0
171,2024-01-18T01:25:00.000-0300,24983135.18582,308.1290535,47860519.1119545,47386658.743893005,45946738.0274105,,312.0603546,312.08977,338.75420999999994,,,,,0.9969636540000001,,,1.0,0.0,1.0,0.0,0.0,53605992.8285,53954423.103,,54049455.621623,22384151.501663,22150267.9005545,71373769.55835,54049155.342,,0.0,,75.930275,,0.0,,80.88695,0.0,1.0,0.0
172,2024-01-18T01:25:30.000-0300,24987387.937659,308.13388,47860791.442625,47386801.72485,45946663.202671,,312.0667557,312.10256419999996,338.7551559,,,,,0.9971875,,,1.0,0.0,1.0,0.0,0.0,53611945.465050004,53958763.2320905,,54043467.485,22385186.9858365,22149042.363504,71401443.92465,54051424.8950095,,0.0,,75.930275,,0.0,,80.88695,0.0,1.0,0.0
173,2024-01-18T01:26:00.000-0300,24981834.82403,308.12582629999997,47860016.325008996,47385563.4391545,45946642.21644,,312.1103424,312.0955566,338.78477,,,,,0.9971413,,,1.0,0.0,1.0,0.0,0.0,53606120.314950004,53955266.4749,,54049076.8888,22382034.1478615,22143178.0848705,71396432.7265,54046115.280499995,,0.0,,75.930275,,0.0,,80.88695,0.0,1.0,0.0
174,2024-01-18T01:26:30.000-0300,25005785.801458,308.1194672,47860815.95925,47385608.255545,45947180.8957245,,312.14550249999996,312.09983289999997,338.78229,,,,,0.9972996000000001,,,1.0,0.0,1.0,0.0,0.0,53608234.1383575,53954609.429349996,,54048228.613575004,22384463.157,22145837.94255,71383507.5618,54051155.898600005,,0.0,,75.930275,,0.0,,80.88695,0.0,1.0,0.0
175,2024-01-18T01:27:00.000-0300,24989505.2914605,308.12136999999996,47860788.50063,47387243.0241,45946959.9519,,312.139048,312.08049619999997,338.75807999999995,,,,,0.9971730999999999,,,1.0,0.0,1.0,0.0,0.0,53604031.498500004,53954938.540524006,,54042908.50595,22385674.7686075,22145914.9247525,71376113.3477,54048223.710250005,,0.0,,75.930275,,0.0,,80.88695,0.0,1.0,0.0
176,2024-01-18T01:27:30.000-0300,24991045.033577,308.09180299999997,47861659.331149995,47386877.236055,45947312.9913,,312.12591779999997,312.07019649999995,338.74899,,,,,0.9971730999999999,,,1.0,0.0,1.0,0.0,0.0,53608341.913441,53963101.988249995,,54042908.50595,22385674.7686075,22145914.9247525,71376113.3477,54048223.710250005,,0.0,,75.930275,,0.0,,80.88695,0.0,1.0,0.0
177,2024-01-18T01:28:00.000-0300,24995098.710421,308.12449,47857687.6379,47386197.831343,45947115.093103,,312.07822999999996,312.0493034,338.71966399999997,,,,,0.9971765,,,1.0,0.0,1.0,0.0,0.0,53608003.19175,53961621.1841,,54047370.53170001,22382861.6329885,22144689.387702,71400688.8126,54046187.555510506,,0.0,,75.930275,,0.0,,80.88695,0.0,1.0,0.0
178,2024-01-18T01:28:30.000-0300,24994078.230422,308.12748,47861779.070346504,47386455.255905494,45946621.230209,,312.0580849,312.04567999999995,338.71689449999997,,,,,0.9974713,,,1.0,0.0,1.0,0.0,0.0,53612519.8405405,53958483.056099996,,54045242.48865,22385303.6849715,22148032.278554,71392657.16625,54049736.974411495,,0.0,,75.930275,,0.0,,80.88695,0.0,1.0,0.0
179,2024-01-18T01:29:00.000-0300,24982180.5084425,308.1240448,47858501.58985,47385323.9607615,45946646.1391,,312.0622353,312.04414219999995,338.71968999999996,,,,,0.9972038000000001,,,1.0,0.0,1.0,0.0,0.0,53606296.83465,53955825.453949995,,54046157.645228,22391221.90018,22143332.2454085,71390901.7759,54049871.22745,,0.0,,75.930275,,0.0,,80.88695,0.0,1.0,0.0
180,2024-01-18T01:29:30.000-0300,24983736.725731,308.13214999999997,47861312.2738065,47385572.363206,45946720.081241004,,312.10727999999995,312.05991209999996,338.7347549,,,,,0.9972305,,,1.0,0.0,1.0,0.0,0.0,53607390.276125,53963229.4747,,54050209.75300801,22380942.56965,22148222.331431,71373892.8279405,54053382.008150004,,0.0,,75.930275,,0.0,,80.88695,0.0,1.0,0.0
181,2024-01-18T01:30:00.000-0300,24975229.849122,308.1260132,47858319.4803595,47386644.81845,45946695.17235,,312.11241759999996,312.07123789999997,338.74143,,,,,0.9974003,,,1.0,0.0,1.0,0.0,0.0,53611553.19905,53960163.91591,,54050028.13384999,22387267.8589,22145563.35635,71388165.72055,54053190.582342006,,0.0,,75.930275,,0.0,,80.88695,0.0,1.0,0.0
182,2024-01-18T01:30:30.000-0300,24986783.3576865,308.14585339999996,47858977.8988405,47385617.277663,45947300.634921,,312.09164999999996,312.07320999999996,338.7477249,,,,,0.9972008510000001,,,1.0,0.0,1.0,0.0,0.0,53612136.694725,53962543.00920001,,54045553.0652555,22386318.2809805,22148883.7899735,71392268.3325775,54055297.443028,,0.0,,75.930275,,0.0,,80.88695,0.0,1.0,0.0
183,2024-01-18T01:31:00.000-0300,25002002.984287,308.11614999999995,47859513.538063504,47383923.3750085,45947244.34475,,312.08487549999995,312.08611529999996,338.74010999999996,,,,,0.9972008510000001,,,1.0,0.0,1.0,0.0,0.0,53615530.4820905,53963631.54735,,54045553.0652555,22386318.2809805,22148883.7899735,71392268.3325775,54055297.443028,,0.0,,75.930275,,0.0,,80.88695,0.0,1.0,0.0
184,2024-01-18T01:31:30.000-0300,24977826.061643,308.12217,47859456.75756,47385886.6663385,45947219.828125,,312.07344,312.08390999999995,338.72925999999995,,,,,0.9972729,,,1.0,0.0,1.0,0.0,0.0,53611627.925723,53958198.66325,,54050645.9528,22384992.7161,22147308.94005,71377597.87837699,54049655.48115,,0.0,,75.930275,,0.0,,80.88695,0.0,1.0,0.0
185,2024-01-18T01:32:00.000-0300,25003235.9743915,308.12417999999997,47862497.407459,47385608.255545,45946866.6906585,,312.08116759999996,312.08385999999996,338.72502999999995,,,,,0.9972729,,,1.0,0.0,1.0,0.0,0.0,53607404.9861,53959149.9083,,54050645.9528,22384992.7161,22147308.94005,71377597.87837699,54049655.48115,,0.0,,75.930275,,0.0,,80.88695,0.0,1.0,0.0
186,2024-01-18T01:32:30.000-0300,25009541.748408,308.13289,47864254.0726735,47386556.5586,45946923.5692285,,312.0865768,312.0827,338.72506,,,,,0.9971911,,,1.0,0.0,1.0,0.0,0.0,53609032.89,53961019.840322,,54051778.032476,22383856.713764,22143246.9275535,71396138.527,54058230.41591,,0.0,,75.930275,,0.0,,80.88695,0.0,1.0,0.0
187,2024-01-18T01:33:00.000-0300,25002428.004498,308.11972,47862286.95675,47387059.7378115,45946577.49255,,312.0944656,312.0795769,338.72893,,,,,0.997174759,,,1.0,0.0,1.0,0.0,0.0,53608114.4972275,53957673.9094085,,54048841.5292,22385743.6112905,22143088.2559565,71390833.12934999,54052286.801478,,0.0,,75.930275,,0.0,,80.88695,0.0,1.0,0.0
188,2024-01-18T01:33:30.000-0300,25005875.630372,308.09903999999995,47859274.157737,47385847.733938,45946646.1391,,312.09500729999996,312.0764374,338.73506,,,,,0.9973346,,,1.0,0.0,1.0,0.0,0.0,53608114.4972275,53957673.9094085,,54047831.44425,22382640.100765,22142010.8973875,71403189.50835,54049959.4873,,0.0,,75.930275,,0.0,,80.88695,0.0,1.0,0.0
189,2024-01-18T01:34:00.000-0300,24984716.9003985,308.10810699999996,47858666.6357695,47388355.686609,45947109.1110465,,312.08038999999997,312.0683578,338.74282999999997,,,,,0.9968921000000001,,,1.0,0.0,1.0,0.0,0.0,53609036.224261,53952867.57217701,,54052316.711760506,22382960.385954,22148666.768809,71388459.92005,54053238.438793994,,0.0,,75.930275,,0.0,,80.88695,0.0,1.0,0.0
190,2024-01-18T01:34:30.000-0300,24994944.35375,308.15066379999996,47863198.9752,47385662.19212,45947228.850243,,312.07613999999995,312.0704063,338.72433,,,,,0.9971547,,,1.0,0.0,1.0,0.0,0.0,53616482.217473,53966887.35514999,,54051234.3518,22383974.8838965,22144725.280041,71395550.128,54050694.986049995,,0.0,,75.930275,,0.0,,80.88695,0.0,1.0,0.0
191,2024-01-18T01:35:00.000-0300,24956551.319,308.14051279999995,47862461.4170535,47386278.638138995,45946979.5652,,312.08639999999997,312.08531,338.7197556,,,,,0.9972173,,,1.0,0.0,1.0,0.0,0.0,53613906.79505,53964749.505449995,,54050028.13384999,22384463.157,22148571.055905,71393573.2054265,54054303.83325,,0.0,,75.930275,,0.0,,80.88695,0.0,1.0,0.0
192,2024-01-18T01:35:30.000-0300,25001910.213378,308.11293259999997,47859501.868149996,47386236.7637435,45947309.657039,,312.067347,312.0920471,338.69813999999997,,,,,0.997197647,,,1.0,0.0,1.0,0.0,0.0,53611190.353,53962258.616349995,,54048336.290592,22382531.24695,22143685.382875,71388228.090844,54052388.4964385,,0.0,,75.930275,,0.0,,80.88695,0.0,1.0,0.0
193,2024-01-18T01:36:00.000-0300,24997198.118053,308.12889329999996,47865601.60445,47387472.7939095,45946642.21644,,312.11016309999997,312.1057457,338.69739,,,,,0.9971184,,,1.0,0.0,1.0,0.0,0.0,53616858.5967,53962052.6767,,54047664.731199995,22389756.8847365,22146865.1891375,71409681.51065001,54047570.195094004,,0.0,,75.930275,,0.0,,80.88695,0.0,1.0,0.0
194,2024-01-18T01:36:30.000-0300,24993529.058022,308.13336999999996,47859420.7671545,47386338.5567705,45946538.26595,,312.118998,312.1069664,338.70263,,,,,0.9971184,,,1.0,0.0,1.0,0.0,0.0,53616858.5967,53962052.6767,,54047380.338350005,22384540.5314685,22141232.73971,71393064.43642451,54053215.295099996,,0.0,,75.930275,,0.0,,80.88695,0.0,1.0,0.0
195,2024-01-18T01:37:00.000-0300,25000433.331887998,308.13714,47863446.10278,47388068.351764,45946195.0332,,312.07526629999995,312.08436429999995,338.71332399999994,,,,,0.9972239999999999,,,1.0,0.0,1.0,0.0,0.0,53605159.26325,53962773.5635415,,54049243.60185,22386291.312693,22148620.3833545,71391621.8782095,54053711.31545701,,0.0,,75.930275,,0.0,,80.88695,0.0,1.0,0.0
196,2024-01-18T01:37:30.000-0300,24999249.4731,308.1194,47863868.0829295,47388307.732090496,45946884.636828,,312.08259999999996,312.09241999999995,338.72659999999996,,,,,0.9971541,,,1.0,0.0,1.0,0.0,0.0,53613455.68915,53963621.7407,,54049861.4208,22385146.582438502,22144291.3357785,71392621.470044,54059883.817099996,,0.0,,75.930275,,0.0,,80.88695,0.0,1.0,0.0
197,2024-01-18T01:38:00.000-0300,25008606.4881975,308.14052999999996,47864047.642691,47387115.53765,45947210.806007,,312.075457,312.09313999999995,338.72325,,,,,0.9972676,,,1.0,0.0,1.0,0.0,0.0,53612514.250750005,53969897.9967,,54049018.0489,22391131.678999998,22142355.1108025,71386331.877,54050763.6326,,0.0,,75.930275,,0.0,,80.88695,0.0,1.0,0.0
198,2024-01-18T01:38:30.000-0300,25003343.749475002,308.1088127,47861237.6452,47388233.49575,45947330.5452035,,312.0599731,312.0756973,338.6899246,,,,,0.9971625000000001,,,1.0,0.0,1.0,0.0,0.0,53616623.2371,53964988.199310996,,54052376.5323255,22380670.925445,22146815.763621498,71404203.4178935,54055441.404649995,,0.0,,75.930275,,0.0,,80.88695,0.0,1.0,0.0
199,2024-01-18T01:39:00.000-0300,24992848.1823125,308.14005999999995,47862308.8255795,47388841.50805,45947324.563147,,312.06367,312.07088,338.69554,,,,,0.997293,,,1.0,0.0,1.0,0.0,0.0,53611951.152907,53962670.49565001,,54051518.74465,22381011.2162,22144001.0589385,71379251.4757,54049969.29395,,0.0,,75.930275,,0.0,,80.88695,0.0,1.0,0.0
200,2024-01-18T01:39:30.000-0300,24990933.4339,308.14306999999997,47864451.5786045,47387517.610300004,45946974.465742,,312.0623535,312.0765671,338.69008479999997,,,,,0.9974841999999999,,,1.0,0.0,1.0,0.0,0.0,53611092.28650001,53964200.33305,,54049704.5144,22383188.2925,22145724.8718755,71392353.1601,54056183.375788994,,0.0,,75.930275,,0.0,,80.88695,0.0,1.0,0.0
201,2024-01-18T01:40:00.000-0300,24995635.918708,308.12040559999997,47861967.652226,47388858.4735545,45946642.21644,,312.064444,312.0819954,338.6938461,,,,,0.9973117,,,1.0,0.0,1.0,0.0,0.0,53608052.225,53957531.811050005,,54047958.930700004,22387449.478058,22144997.708778,71374965.96965,54047288.8423055,,0.0,,75.930275,,0.0,,80.88695,0.0,1.0,0.0
202,2024-01-18T01:40:30.000-0300,24987606.3317545,308.10834,47863449.044775,47390439.992,45946832.465450004,,312.0232033,312.05064619999996,338.73428,,,,,0.997282,,,1.0,0.0,1.0,0.0,0.0,53616397.684149995,53962288.0363,,54053328.267708,22384878.762826998,22147186.847257502,71397888.71982549,54057583.961542,,0.0,,75.930275,,0.0,,80.88695,0.0,1.0,0.0
203,2024-01-18T01:41:00.000-0300,25027049.36452,308.10522,47861752.2001255,47390410.57205,45946836.780376,,312.03508,312.04882999999995,338.7370056,,,,,0.9974285,,,1.0,0.0,1.0,0.0,0.0,53614936.4933,53962337.06955,,54047017.492300004,22385277.10895,22148499.173160497,71394465.0221775,54053695.82095,,0.0,,75.930275,,0.0,,80.88695,0.0,1.0,0.0
204,2024-01-18T01:41:30.000-0300,24986702.550890498,308.12796249999997,47868680.89255,47390761.846253,45947222.868186496,,312.06269999999995,312.05268329999996,338.7460541,,,,,0.9973409,,,1.0,0.0,1.0,0.0,0.0,53610676.288407,53960193.826192506,,54051714.87764999,22388657.068939,22143933.7853195,71393297.8346945,54056000.3837,,0.0,,75.930275,,0.0,,80.88695,0.0,1.0,0.0
205,2024-01-18T01:42:00.000-0300,24989903.73565,308.1103043,47867962.1631715,47390930.3245,45947641.8082745,,312.05097809999995,312.0512032,338.75357999999994,,,,,0.9973311610000001,,,1.0,0.0,1.0,0.0,0.0,53608473.910950005,53961611.377450004,,54047821.637600005,22389566.8318595,22144182.187764,71392882.7192,54051361.83825,,0.0,,75.930275,,0.0,,80.88695,0.0,1.0,0.0
206,2024-01-18T01:42:30.000-0300,25009661.4876045,308.1375526,47863754.3257895,47390139.320111,45947923.161063,,312.0479645,312.04322659999997,338.74199999999996,,,,,0.9970782,,,1.0,0.0,1.0,0.0,0.0,53606610.64745,53960870.190843,,54052568.056200005,22386403.500769,22144698.40982,71384541.0846435,54054990.29875,,0.0,,75.930275,,0.0,,80.88695,0.0,1.0,0.0
207,2024-01-18T01:43:00.000-0300,25027532.636232,308.144236,47866579.4255215,47389564.7484875,45947028.59845,,312.05145999999996,312.0413,338.73154999999997,,,,,0.9972857,,,1.0,0.0,1.0,0.0,0.0,53608660.2373,53964724.792692006,,54050227.797244005,22389774.830906,22146625.7107445,71412110.3236555,54057569.447699994,,0.0,,75.930275,,0.0,,80.88695,0.0,1.0,0.0
208,2024-01-18T01:43:30.000-0300,25010198.6958915,308.09095229999997,47867031.41402,47389495.9058045,45947572.9655915,,312.07450329999995,312.07009,338.74329,,,,,0.9975009,,,1.0,0.0,1.0,0.0,0.0,53610307.7545,53959810.680377,,54049886.6238905,22383720.4993955,22144182.187764,71388371.6602,54052175.7902,,0.0,,75.930275,,0.0,,80.88695,0.0,1.0,0.0
209,2024-01-18T01:44:00.000-0300,24970894.819489498,308.12019999999995,47863238.2018,47389194.54745,45947486.176739,,312.0515579,312.0613846,338.70613,,,,,0.9971654999999999,,,1.0,0.0,1.0,0.0,0.0,53614459.105578,53966926.58175,,54051489.3247,22384480.710903503,22146770.8491645,71413476.6842,54053842.9207,,0.0,,75.930275,,0.0,,80.88695,0.0,1.0,0.0
210,2024-01-18T01:44:30.000-0300,25011042.558124,308.14756239999997,47866292.188743,47388406.485056,45947258.7605255,,312.05420999999996,312.06604,338.70318,,,,,0.9970709,,,1.0,0.0,1.0,0.0,0.0,53614459.105578,53966926.58175,,54044709.1049565,22386235.9051205,22146721.521715,71379624.1284,54050714.59935,,0.0,,75.930275,,0.0,,80.88695,0.0,1.0,0.0
211,2024-01-18T01:45:00.000-0300,25006106.086647,308.12519999999995,47864777.84585,47390489.025249995,45946678.108779,,312.0349754,312.07949299999996,338.74099,,,,,0.9970978549999999,,,1.0,0.0,1.0,0.0,0.0,53605085.811441496,53960331.5115585,,54056608.396000005,22386249.4382975,22143110.713184997,71415673.37380001,54053866.9469925,,0.0,,75.930275,,0.0,,80.88695,0.0,1.0,0.0
212,2024-01-18T01:45:30.000-0300,25014617.474315003,308.11614999999995,47862548.205905996,47389657.5193965,45947671.718557,,312.0176758,312.0667137,338.73001,,,,,0.9971327999999999,,,1.0,0.0,1.0,0.0,0.0,53611494.35915,53961513.310949996,,54055196.238400005,22385267.3023,22145738.4050525,71412760.79875,54057579.25434999,,0.0,,75.930275,,0.0,,80.88695,0.0,1.0,0.0
213,2024-01-18T01:46:00.000-0300,25021298.74496,308.133696,47866160.5835,47391162.8401715,45947348.491372995,,312.03622279999996,312.06872,338.71308,,,,,0.9971327999999999,,,1.0,0.0,1.0,0.0,0.0,53611494.35915,53961513.310949996,,54050269.6716395,22391539.047241,22145874.5213545,71387498.86835,54057804.80730001,,0.0,,75.930275,,0.0,,80.88695,0.0,1.0,0.0
214,2024-01-18T01:46:30.000-0300,24980000.2940145,308.09805,47860411.4349375,47390716.931796,45946642.21644,,312.05489,312.03317489999995,338.70405,,,,,0.9975409999999999,,,1.0,0.0,1.0,0.0,0.0,53613524.3357,53962115.1450605,,54053376.12416001,22382807.6964135,22144979.664542,71385557.15165,54056398.8278895,,0.0,,75.930275,,0.0,,80.88695,0.0,1.0,0.0
215,2024-01-18T01:47:00.000-0300,25012452.165994998,308.11963,47865113.037147,47390194.82575,45946126.38665,,312.02272259999995,312.0280937,338.71414999999996,,,,,0.9974463,,,1.0,0.0,1.0,0.0,0.0,53610984.41335,53960930.011407994,,54049994.3009075,22380156.174386498,22143278.4069,71381207.117843,54049395.801057994,,0.0,,75.930275,,0.0,,80.88695,0.0,1.0,0.0
216,2024-01-18T01:47:30.000-0300,24995432.4307205,308.1119179,47862329.8118105,47389890.8196,45947150.985442,,312.01474609999997,312.0280251,338.72887,,,,,0.997197647,,,1.0,0.0,1.0,0.0,0.0,53617008.93264451,53965612.490650006,,54051394.8866605,22385046.3584755,22141395.5301,71386253.42379999,54052303.276650004,,0.0,,75.930275,,0.0,,80.88695,0.0,1.0,0.0
217,2024-01-18T01:48:00.000-0300,24999573.09255,308.1353668,47864224.162391,47389635.8467,45947680.740675,,312.0443062,312.04778999999996,338.72294999999997,,,,,0.997197647,,,1.0,0.0,1.0,0.0,0.0,53616034.8381,53968920.665961,,54051394.8866605,22385046.3584755,22141395.5301,71386253.42379999,54052303.276650004,,0.0,,75.930275,,0.0,,80.88695,0.0,1.0,0.0
218,2024-01-18T01:48:30.000-0300,25009175.175831,308.1117958,47867324.632855,47391620.71266,45947046.25042,,312.07932999999997,312.070475,338.71642999999995,,,,,0.9973059000000001,,,1.0,0.0,1.0,0.0,0.0,53608905.40355,53962709.72224999,,54055632.634325005,22385133.147328,22146453.604036998,71383553.456922,54055147.20515,,0.0,,75.930275,,0.0,,80.88695,0.0,1.0,0.0
219,2024-01-18T01:49:00.000-0300,25007550.017793,308.1045479,47867351.6011425,47391004.266641,45947058.0184,,312.05976719999995,312.06618729999997,338.7185349,,,,,0.9970932,,,1.0,0.0,1.0,0.0,0.0,53619065.09295,53963837.487,,54050610.844992995,22388471.527121,22144589.163739,71381614.87835,54052891.67565,,0.0,,75.930275,,0.0,,80.88695,0.0,1.0,0.0
220,2024-01-18T01:49:30.000-0300,25000898.6574305,308.14353409999995,47868306.27852,47390737.918027,45947031.2462455,,312.04508999999996,312.06507,338.71979,,,,,0.9970932,,,1.0,0.0,1.0,0.0,0.0,53619065.09295,53963837.487,,54052911.288949996,22386580.1185355,22147499.581326,71393124.2569895,54056147.483449996,,0.0,,75.930275,,0.0,,80.88695,0.0,1.0,0.0
221,2024-01-18T01:50:00.000-0300,25001546.582796,308.11148299999996,47867459.376226,47389672.425504506,45946944.457393,,312.0929321,312.0929779,338.69984999999997,,,,,0.9972757,,,1.0,0.0,1.0,0.0,0.0,53611909.2785115,53961660.4107,,54052466.36123951,22378712.145174,22143680.47955,71385772.89795001,54056098.4502,,0.0,,75.930275,,0.0,,80.88695,0.0,1.0,0.0
222,2024-01-18T01:50:30.000-0300,25006369.101,308.1108269,47864667.1287715,47390495.497639,45946917.587172,,312.09057459999997,312.09517,338.70009459999994,,,,,0.9972068000000001,,,1.0,0.0,1.0,0.0,0.0,53609091.7299,53962450.336357504,,54054715.71255,22390253.6896255,22149348.72325,71393735.89775,54062144.9363905,,0.0,,75.930275,,0.0,,80.88695,0.0,1.0,0.0
223,2024-01-18T01:51:00.000-0300,24997467.5067285,308.12030999999996,47862144.171926,47390538.0585,45946852.07875,,312.08774,312.08916999999997,338.70313,,,,,0.9973664,,,1.0,0.0,1.0,0.0,0.0,53618972.223974496,53967382.394842006,,54047615.69795,22380287.877696,22147059.655006997,71385772.89795001,54053382.008150004,,0.0,,75.930275,,0.0,,80.88695,0.0,1.0,0.0
224,2024-01-18T01:51:30.000-0300,25008283.2610135,308.090834,47864676.052823,47389139.7282765,45946965.443624005,,312.10341,312.0748734,338.71932,,,,,0.9972182460000001,,,1.0,0.0,1.0,0.0,0.0,53615691.605349995,53967240.394549996,,54054692.961122,22384982.90945,22147466.729048498,71403155.969607,54054921.652200006,,0.0,,75.930275,,0.0,,80.88695,0.0,1.0,0.0
225,2024-01-18T01:52:00.000-0300,24979015.7063545,308.0926575,47862868.491095,47389247.50336,45947001.335963,,312.10350999999997,312.07683,338.7175354,,,,,0.9973218540000001,,,1.0,0.0,1.0,0.0,0.0,53611867.01185,53965445.7776,,54049478.961449996,22382409.7425565,22143992.134887002,71392137.4138,54049322.05505001,,0.0,,75.930275,,0.0,,80.88695,0.0,1.0,0.0
226,2024-01-18T01:52:30.000-0300,25022904.3877645,308.1442436,47863736.37962,47389959.46615,45947067.82505,,312.0703835,312.0811867,338.7197,,,,,0.9973218540000001,,,1.0,0.0,1.0,0.0,0.0,53614603.067200005,53966813.805275,,54057275.24820001,22387611.091649998,22146236.680939,71383158.44506,54055617.92434999,,0.0,,75.930275,,0.0,,80.88695,0.0,1.0,0.0
227,2024-01-18T01:53:00.000-0300,24998691.474715,308.12120289999996,47859097.638036996,47385599.331493504,45947450.2844,,312.091433,312.1109566,338.69386999999995,,,,,0.99712204,,,1.0,0.0,1.0,0.0,0.0,53613239.94285,53969303.71371,,54058746.2457,22387720.337731,22140477.1373275,71398717.67595,54059060.0585,,0.0,,75.930275,,0.0,,80.88695,0.0,1.0,0.0
228,2024-01-18T01:53:30.000-0300,24994664.7661585,308.1220039,47861786.8176,47387723.54995,45948028.87675,,312.10844999999995,312.1403831,338.68744,,,,,0.99712204,,,1.0,0.0,1.0,0.0,0.0,53616099.169723995,53967103.101449996,,54058746.2457,22387720.337731,22140477.1373275,71398717.67595,54059060.0585,,0.0,,75.930275,,0.0,,80.88695,0.0,1.0,0.0
229,2024-01-18T01:54:00.000-0300,24992626.7481555,308.08783,47863065.997026004,47386847.3257725,45947031.2462455,,312.09612999999996,312.1268333,338.68337999999994,,,,,0.997423553,,,1.0,0.0,1.0,0.0,0.0,53617637.440843,53965107.938507505,,54051329.084039,22385734.687239,22143902.305972997,71378388.4905,54049886.6238905,,0.0,,75.930275,,0.0,,80.88695,0.0,1.0,0.0
230,2024-01-18T01:54:30.000-0300,24989699.75733,308.09745,47863212.6064435,47387576.4502,45946073.626873,,312.11589,312.12133259999996,338.69725,,,,,0.9971557,,,1.0,0.0,1.0,0.0,0.0,53617805.036491506,53965263.570043005,,54055788.2658605,22383096.502256002,22145340.353129,71385998.4509,54057687.1275,,0.0,,75.930275,,0.0,,80.88695,0.0,1.0,0.0
231,2024-01-18T01:55:00.000-0300,25010457.493385,308.11856309999996,47863277.428399995,47388571.1387095,45949162.133224,,312.12778699999996,312.0929359,338.68199999999996,,,,,0.997222443,,,1.0,0.0,1.0,0.0,0.0,53619217.586357504,53969638.905007005,,54057834.227249995,22387941.771888,22146797.817452,71380820.5397,54057236.0216,,0.0,,75.930275,,0.0,,80.88695,0.0,1.0,0.0
232,2024-01-18T01:55:30.000-0300,25011582.8064725,308.10058999999995,47859322.014189,47387909.8763,45947719.575008996,,312.12261,312.08016,338.66524,,,,,0.997222443,,,1.0,0.0,1.0,0.0,0.0,53619217.586357504,53969638.905007005,,54053543.719808504,22384178.76415,22139862.064239502,71383811.56795,54052215.0168,,0.0,,75.930275,,0.0,,80.88695,0.0,1.0,0.0
233,2024-01-18T01:56:00.000-0300,24986201.2349425,308.1070732,47865520.013122,47388143.1765035,45946866.6906585,,312.1262077,312.0715927,338.6631149,,,,,0.9972208,,,1.0,0.0,1.0,0.0,0.0,53614122.54135,53968623.1322,,54056500.52285,22382604.208426002,22150028.520228002,71406861.02004349,54061887.511828,,0.0,,75.930275,,0.0,,80.88695,0.0,1.0,0.0
234,2024-01-18T01:56:30.000-0300,24995953.1638355,308.1002754,47863015.100512505,47388589.084879,45946986.429855,,312.11129,312.10139999999996,338.68286,,,,,0.9974122,,,1.0,0.0,1.0,0.0,0.0,53615931.574075505,53965435.97095,,54057451.767900005,22384545.0425275,22142051.3007855,71387910.74765,54059530.77769999,,0.0,,75.930275,,0.0,,80.88695,0.0,1.0,0.0
235,2024-01-18T01:57:00.000-0300,24984446.0407255,308.10686,47864277.7067,47387206.445295505,45947073.2187075,,312.08466999999996,312.09452669999996,338.68652999999995,,,,,0.9971415,,,1.0,0.0,1.0,0.0,0.0,53614243.6534775,53961899.69296,,54057451.767900005,22382725.41862,22144291.3357785,71395320.9465895,54060043.959694505,,0.0,,75.930275,,0.0,,80.88695,0.0,1.0,0.0
236,2024-01-18T01:57:30.000-0300,24983009.6607,308.11545409999997,47864532.6796,47387667.3578455,45946738.0274105,,312.08505479999997,312.0849556,338.7157349,,,,,0.997370148,,,1.0,0.0,1.0,0.0,0.0,53616230.971099995,53974062.194489494,,54051191.398673,22392670.342385,22144317.9118,71382320.95715,54057265.441549994,,0.0,,75.930275,,0.0,,80.88695,0.0,1.0,0.0
237,2024-01-18T01:58:00.000-0300,24997461.524671998,308.1141151,47864565.3357445,47385240.2119705,45947067.82505,,312.0930656,312.09148,338.72159,,,,,0.9971086,,,1.0,0.0,1.0,0.0,0.0,53610969.6053085,53966999.347093,,54054490.159600005,22385095.685925,22146449.1910445,71395314.7684,54054117.506900005,,0.0,,75.930275,,0.0,,80.88695,0.0,1.0,0.0
238,2024-01-18T01:58:30.000-0300,25012594.36242,308.11501,47859378.892759,47387424.9374575,45947150.985442,,312.10940999999997,312.1073135,338.72778,,,,,0.9969349,,,1.0,0.0,1.0,0.0,0.0,53610969.6053085,53966999.347093,,54054490.159600005,22385095.685925,22146449.1910445,71389224.83875,54054117.506900005,,0.0,,75.930275,,0.0,,80.88695,0.0,1.0,0.0
239,2024-01-18T01:59:00.000-0300,24986314.50175,308.12026,47862772.6801245,47388419.8221,45947501.1809135,,312.1462158,312.12753999999995,338.7041153,,,,,0.9972318,,,1.0,0.0,1.0,0.0,0.0,53619427.938999996,53963479.838474505,,54057045.282257505,22382960.385954,22147457.7069305,71383248.17590751,54057049.695250005,,0.0,,75.930275,,0.0,,80.88695,0.0,1.0,0.0
240,2024-01-18T01:59:30.000-0300,24986129.4502645,308.1083359,47862296.763399996,47388951.2444635,45946758.915575,,312.1437019,312.120005,338.7052139,,,,,0.997290344,,,1.0,0.0,1.0,0.0,0.0,53619427.938999996,53963479.838474505,,54056686.849199995,22384965.5516795,22145603.661681503,71410578.034593,54059762.7049725,,0.0,,75.930275,,0.0,,80.88695,0.0,1.0,0.0
241,2024-01-18T02:00:00.000-0300,24998796.3078035,308.10488,47861300.211627,47387607.439214,45947273.764699996,,312.08322749999996,312.0753578,338.70793,,,,,0.9973161,,,1.0,0.0,1.0,0.0,0.0,53616727.579856,53967299.234450005,,54055770.319691,22387689.54485,22142652.840696502,71386626.0765,54060271.473974496,,0.0,,75.930275,,0.0,,80.88695,0.0,1.0,0.0
242,2024-01-18T02:00:30.000-0300,24979018.35415,308.1204132,47859764.980569504,47384624.64855,45947129.999211,,312.08043519999995,312.07255779999997,338.7012161,,,,,0.9973316,,,1.0,0.0,1.0,0.0,0.0,53610802.00966,53967465.947500005,,54055602.724042505,22387728.77145,22148363.0568585,71399610.0811,54060899.884106494,,0.0,,75.930275,,0.0,,80.88695,0.0,1.0,0.0
243,2024-01-18T02:01:00.000-0300,24979463.0857275,308.098307,47860872.249421,47385787.913373,45947327.603208505,,312.09270319999996,312.08698,338.7005,,,,,0.9972666,,,1.0,0.0,1.0,0.0,0.0,53617469.8451945,53967358.07435,,54060070.14345001,22384010.776235502,22141449.760874502,71408455.6794,54061099.8417,,0.0,,75.930275,,0.0,,80.88695,0.0,1.0,0.0
244,2024-01-18T02:01:30.000-0300,24974372.4537125,308.0739769,47862626.070707,47387419.5438,45947399.3878865,,312.1123146,312.1032127,338.70522,,,,,0.9974120999999999,,,1.0,0.0,1.0,0.0,0.0,53620767.8215895,53967244.709475994,,54054117.506900005,22383340.491708,22140264.627221998,71393435.52006051,54061364.62125,,0.0,,75.930275,,0.0,,80.88695,0.0,1.0,0.0
245,2024-01-18T02:02:00.000-0300,25016598.613748,308.10578769999995,47862820.536576495,47388459.0487,45947318.5810905,,312.11357,312.0909981,338.70701999999994,,,,,0.997119751,,,1.0,0.0,1.0,0.0,0.0,53614161.767950006,53961974.2235,,54053509.494600005,22385920.229057003,22148273.2279445,71396628.8595,54059164.1070565,,0.0,,75.930275,,0.0,,80.88695,0.0,1.0,0.0
246,2024-01-18T02:02:30.000-0300,24981765.981347002,308.0954422,47863699.11435,47387347.0726565,45947216.788063504,,312.11386999999996,312.1074165,338.71627,,,,,0.997119751,,,1.0,0.0,1.0,0.0,0.0,53626023.107258,53969992.0424735,,54053509.494600005,22385920.229057003,22148273.2279445,71396628.8595,54059164.1070565,,0.0,,75.930275,,0.0,,80.88695,0.0,1.0,0.0
247,2024-01-18T02:03:00.000-0300,24983548.241918,308.1034721,47861518.703789,47387050.81376,45947285.6307465,,312.10222999999996,312.10147709999995,338.72577,,,,,0.9973010999999999,,,1.0,0.0,1.0,0.0,0.0,53623120.142725,53974624.802,,54052656.31605001,22380753.2032385,22142278.1286,71396422.91984999,54056398.8278895,,0.0,,75.930275,,0.0,,80.88695,0.0,1.0,0.0
248,2024-01-18T02:03:30.000-0300,24997136.8264905,308.09475999999995,47861102.705695994,47386090.154326,45947587.5775,,312.0878052,312.10262,338.72979999999995,,,,,0.9971072390000001,,,1.0,0.0,1.0,0.0,0.0,53610987.551478,53963798.2604,,54058040.1669,22385625.441158,22146444.6799855,71383493.636357,54061560.75425,,0.0,,75.930275,,0.0,,80.88695,0.0,1.0,0.0
249,2024-01-18T02:04:00.000-0300,24973086.9980305,308.05343999999997,47862422.5827195,47387628.425445,45947891.58365,,312.0882057,312.1083473,338.7299,,,,,0.9969449,,,1.0,0.0,1.0,0.0,0.0,53619696.445077,53964617.115674995,,54062162.88255999,22387425.549832,22144155.2194765,71391146.94215001,54066699.43885,,0.0,,75.930275,,0.0,,80.88695,0.0,1.0,0.0
250,2024-01-18T02:04:30.000-0300,24999043.53345,308.08437,47862177.12227,47388131.2123905,45947671.718557,,312.09876479999997,312.10483,338.72526,,,,,0.9969449,,,1.0,0.0,1.0,0.0,0.0,53610724.14485899,53965622.2973,,54062162.88255999,22387425.549832,22144155.2194765,71391146.94215001,54066699.43885,,0.0,,75.930275,,0.0,,80.88695,0.0,1.0,0.0
251,2024-01-18T02:05:00.000-0300,24990033.4776295,308.0851921,47860908.2398265,47388380.5955,45948126.94325,,312.10393999999997,312.0711655,338.70408999999995,,,,,0.9972168,,,1.0,0.0,1.0,0.0,0.0,53616865.265222,53965867.46355001,,54055327.451377004,22383232.7166245,22142920.660308,71399211.538844,54056765.3024,,0.0,,75.930275,,0.0,,80.88695,0.0,1.0,0.0
252,2024-01-18T02:05:30.000-0300,24991429.65039,308.07694,47862772.6801245,47387248.319691,45948117.136599995,,312.11323999999996,312.0749725,338.69468539999997,,,,,0.9974384000000001,,,1.0,0.0,1.0,0.0,0.0,53616865.265222,53965867.46355001,,54055157.0118,22383246.151735,22145870.0102955,71374060.42358899,54059422.90455,,0.0,,75.930275,,0.0,,80.88695,0.0,1.0,0.0
253,2024-01-18T02:06:00.000-0300,24994914.933799997,308.07705539999995,47865778.12415,47388373.632778496,45947770.471522495,,312.12933,312.06926999999996,338.6817,,,,,0.997162247,,,1.0,0.0,1.0,0.0,0.0,53620139.31339099,53971653.38705,,54057877.180377,22391583.961698,22141997.462277,71397913.53065,54067905.6568,,0.0,,75.930275,,0.0,,80.88695,0.0,1.0,0.0
254,2024-01-18T02:06:30.000-0300,24988568.560252503,308.09068529999996,47863002.8422,47386407.3994535,45946492.566961005,,312.09942,312.05102999999997,338.68825999999996,,,,,0.9972002000000001,,,1.0,0.0,1.0,0.0,0.0,53619678.4989075,53971261.12105,,54054094.363206,22386996.1166285,22140364.851185,71387426.103007,54057955.045178,,0.0,,75.930275,,0.0,,80.88695,0.0,1.0,0.0
255,2024-01-18T02:07:00.000-0300,24996991.590004,308.06935999999996,47861635.402924,47388454.4395745,45947701.6288395,,312.0853256,312.06048,338.70173489999996,,,,,0.997367859,,,1.0,0.0,1.0,0.0,0.0,53620797.73187201,53967597.8469425,,54061959.296505995,22386277.38725,22142495.7381635,71389401.35845,54062988.896689504,,0.0,,75.930275,,0.0,,80.88695,0.0,1.0,0.0
256,2024-01-18T02:07:30.000-0300,24992289.9877945,308.11570209999996,47863880.0470425,47388062.369707495,45947731.6371885,,312.0761856,312.05161999999996,338.69777999999997,,,,,0.997367859,,,1.0,0.0,1.0,0.0,0.0,53620797.73187201,53967597.8469425,,54059471.9378,22387014.062798,22144463.442486,71381727.85095799,54059439.4777885,,0.0,,75.930275,,0.0,,80.88695,0.0,1.0,0.0
257,2024-01-18T02:08:00.000-0300,25016836.6211435,308.10485309999996,47860286.40015,47386739.550689,45947504.1229085,,312.0702728,312.06004559999997,338.7078461,,,,,0.9974103,,,1.0,0.0,1.0,0.0,0.0,53611598.0154405,53962837.208699994,,54064237.969699994,22385893.2607695,22146702.0064815,71388283.40035,54062904.2653,,0.0,,75.930275,,0.0,,80.88695,0.0,1.0,0.0
258,2024-01-18T02:08:30.000-0300,25009803.585963,308.10004,47868467.892112,47387939.29625,45947534.033190995,,312.08639999999997,312.07587,338.69817,,,,,0.9972278,,,1.0,0.0,1.0,0.0,0.0,53619032.044539504,53970358.909250006,,54062067.0715895,22388574.7911455,22150742.248215,71409122.5316,54063698.603949994,,0.0,,75.930275,,0.0,,80.88695,0.0,1.0,0.0
259,2024-01-18T02:09:00.000-0300,24986725.008119002,308.08884659999995,47864284.0810225,47387517.610300004,45947599.933878995,,312.0796036,312.0871567,338.68323,,,,,0.9973143,,,1.0,0.0,1.0,0.0,0.0,53623654.60514999,53971530.3135925,,54057275.24820001,22388874.0901035,22145644.0650795,71400041.5737,54057716.547450006,,0.0,,75.930275,,0.0,,80.88695,0.0,1.0,0.0
260,2024-01-18T02:09:30.000-0300,25004587.232695,308.0875038,47860070.65385,47388657.927562,45947561.0014785,,312.0498833,312.0775,338.675795,,,,,0.9972456,,,1.0,0.0,1.0,0.0,0.0,53618247.9048055,53971284.95120949,,54053735.04755,22387177.1473875,22144834.526122,71363388.3367265,54055740.4094085,,0.0,,75.930275,,0.0,,80.88695,0.0,1.0,0.0
261,2024-01-18T02:10:00.000-0300,24983058.69395,308.05672,47862901.3433725,47387331.28395,45947100.0889285,,312.06361,312.0797371,338.68088,,,,,0.9972456,,,1.0,0.0,1.0,0.0,0.0,53619139.819623,53966544.1224,,54053735.04755,22387177.1473875,22144834.526122,71363388.3367265,54055740.4094085,,0.0,,75.930275,,0.0,,80.88695,0.0,1.0,0.0
262,2024-01-18T02:10:30.000-0300,24994037.827024,308.0592636,47860438.305158496,47386899.79135,45947309.657039,,312.07352679999997,312.06553499999995,338.6965851,,,,,0.9972036,,,1.0,0.0,1.0,0.0,0.0,53617172.4095,53969044.81815,,54059256.1915,22383404.823332,22144228.5732185,71411727.17784,54065012.69505,,0.0,,75.930275,,0.0,,80.88695,0.0,1.0,0.0
263,2024-01-18T02:11:00.000-0300,25001410.466493998,308.0945534,47863483.36805,47388145.2359,45947460.09105,,312.0866074,312.07399599999997,338.7021,,,,,0.9972929,,,1.0,0.0,1.0,0.0,0.0,53617172.4095,53969044.81815,,54057236.0216,22388706.494455,22146589.8184055,71386214.1972,54061624.10520899,,0.0,,75.930275,,0.0,,80.88695,0.0,1.0,0.0
264,2024-01-18T02:11:30.000-0300,25012850.2179185,308.07232999999997,47863012.648849994,47389233.77405,45948097.5233,,312.0581879,312.06269,338.7088455,,,,,0.9973788450000001,,,1.0,0.0,1.0,0.0,0.0,53620217.178192,53968549.582325004,,54056098.4502,22385032.8252985,22141802.898341,71383128.436711,54062453.1594,,0.0,,75.930275,,0.0,,80.88695,0.0,1.0,0.0
265,2024-01-18T02:12:00.000-0300,24995321.713642,308.0955757,47864526.403344,47388400.208799995,45947815.3859795,,312.06114809999997,312.05496,338.70356999999996,,,,,0.9974183999999999,,,1.0,0.0,1.0,0.0,0.0,53622431.813961506,53969868.57675,,54060776.22224999,22379993.089797,22145788.9093,71393938.307006,54067304.411088504,,0.0,,75.930275,,0.0,,80.88695,0.0,1.0,0.0
266,2024-01-18T02:12:30.000-0300,25000011.3517385,308.08362999999997,47862404.63655,47387475.7359045,45947543.055309,,312.07177579999995,312.05611269999997,338.69478,,,,,0.9969775,,,1.0,0.0,1.0,0.0,0.0,53618816.592439,53968446.612500004,,54058569.726,22385128.636269,22143472.872769497,71390548.7365,54059625.0196065,,0.0,,75.930275,,0.0,,80.88695,0.0,1.0,0.0
267,2024-01-18T02:13:00.000-0300,25007009.867511,308.0870956,47866429.874109,47386476.2421365,45947567.964200005,,312.09326,312.06143999999995,338.70117,,,,,0.997477,,,1.0,0.0,1.0,0.0,0.0,53625645.3551,53974271.762600005,,54058157.8467,22385747.82815,22144210.03865,71381889.46455,54066875.958550006,,0.0,,75.930275,,0.0,,80.88695,0.0,1.0,0.0
268,2024-01-18T02:13:30.000-0300,24997044.0555815,308.12181999999996,47860011.813949995,47387858.88172,45947551.9793605,,312.0912079,312.0568451,338.7021,,,,,0.997477,,,1.0,0.0,1.0,0.0,0.0,53621611.7818885,53979024.1632565,,54058157.8467,22385747.82815,22143942.709371,71382787.26335749,54064561.589150004,,0.0,,75.930275,,0.0,,80.88695,0.0,1.0,0.0
269,2024-01-18T02:14:00.000-0300,25009103.2930865,308.09101999999996,47858158.3571,47386042.297873996,45947492.1587955,,312.0900024,312.0575356,338.7028259,,,,,0.997402649,,,1.0,0.0,1.0,0.0,0.0,53625017.729499996,53974277.64659,,54061178.29489999,22385001.444018498,22145404.684753,71400541.71285,54065816.84035,,0.0,,75.930275,,0.0,,80.88695,0.0,1.0,0.0
270,2024-01-18T02:14:30.000-0300,24998669.115553,308.0947,47863045.010795,47387532.6144745,45947852.357049994,,312.0592,312.0600876,338.697905,,,,,0.9971042,,,1.0,0.0,1.0,0.0,0.0,53622997.5596,53969505.73069999,,54055921.9305,22383353.9268185,22147819.866515,71392573.613592,54066297.3662,,0.0,,75.930275,,0.0,,80.88695,0.0,1.0,0.0
271,2024-01-18T02:15:00.000-0300,24993030.684069,308.0615334,47860600.21295,47387860.84305,45947538.54425,,312.0546478,312.06105649999995,338.70180999999997,,,,,0.9971838,,,1.0,0.0,1.0,0.0,0.0,53621889.40815,53971530.3135925,,54061658.82075,22380046.9283055,22146317.487735,71387132.7861055,54063880.71344049,,0.0,,75.930275,,0.0,,80.88695,0.0,1.0,0.0
272,2024-01-18T02:15:30.000-0300,24999680.9657,308.0907921,47863966.835895,47389273.00065,45948398.979721,,312.06840739999996,312.06109,338.69818999999995,,,,,0.9969762,,,1.0,0.0,1.0,0.0,0.0,53617868.68165,53974062.194489494,,54059050.25185,22388384.7382685,22144535.3252305,71377594.15185,54062139.346599996,,0.0,,75.930275,,0.0,,80.88695,0.0,1.0,0.0
273,2024-01-18T02:16:00.000-0300,24979796.806027,308.0784859,47865744.4873405,47387347.0726565,45947534.033190995,,312.0959152,312.04938999999996,338.6884,,,,,0.9971958,,,1.0,0.0,1.0,0.0,0.0,53617344.123941496,53976288.79437201,,54055387.271942,22388236.559787,22149064.330399998,71401237.985,54062992.52514999,,0.0,,75.930275,,0.0,,80.88695,0.0,1.0,0.0
274,2024-01-18T02:16:30.000-0300,25003288.3419025,308.08218,47862682.949277,47388763.054850005,45948012.8919105,,312.094046,312.03638689999997,338.67418999999995,,,,,0.9972628,,,1.0,0.0,1.0,0.0,0.0,53620075.1779,53973683.36360001,,54057937.09900849,22382589.302318,22147267.6540535,71384321.51375,54059609.2309,,0.0,,75.930275,,0.0,,80.88695,0.0,1.0,0.0
275,2024-01-18T02:17:00.000-0300,25007571.004024,308.1026138,47862012.37055,47387713.7433,45947489.511,,312.09050219999995,312.0216,338.67442,,,,,0.9972907,,,1.0,0.0,1.0,0.0,0.0,53618035.3947,53971055.18139999,,54060995.695077,22389131.1224,22146127.434858,71385325.126311,54064188.93645,,0.0,,75.930275,,0.0,,80.88695,0.0,1.0,0.0
276,2024-01-18T02:17:30.000-0300,24990431.529553,308.08359379999996,47865611.4111,47388449.24205,45947724.8706,,312.04519,312.0068573,338.67981,,,,,0.9972513,,,1.0,0.0,1.0,0.0,0.0,53623213.30590001,53971516.09395,,54060887.919993505,22387570.688252002,22143227.41232,71371680.7419,54058442.23955,,0.0,,75.930275,,0.0,,80.88695,0.0,1.0,0.0
277,2024-01-18T02:18:00.000-0300,25007398.79925,308.0880836,47863083.9431955,47387463.771791495,45947842.5504,,312.03175,312.0289864,338.67136999999997,,,,,0.9974432,,,1.0,0.0,1.0,0.0,0.0,53622056.1212,53972359.46585,,54064880.305275,22387847.529981498,22147549.006842002,71396707.3127,54066460.450789504,,0.0,,75.930275,,0.0,,80.88695,0.0,1.0,0.0
278,2024-01-18T02:18:30.000-0300,24998034.625298,308.08831999999995,47862093.373479,47387520.6503615,45947797.43981,,312.0360321,312.02661,338.6697144,,,,,0.9974432,,,1.0,0.0,1.0,0.0,0.0,53622056.1212,53972359.46585,,54065522.64085,22382667.069052503,22148073.85875,71384295.624194,54070488.72841,,0.0,,75.930275,,0.0,,80.88695,0.0,1.0,0.0
279,2024-01-18T02:19:00.000-0300,25016888.988654498,308.0803856,47859343.00042,47386907.1463375,45947893.152714,,312.08585,312.0460342,338.66031,,,,,0.9971917,,,1.0,0.0,1.0,0.0,0.0,53622124.76775,53973529.4972615,,54061550.9476,22383241.640676,22147670.217035998,71373906.85145,54063463.24435,,0.0,,75.930275,,0.0,,80.88695,0.0,1.0,0.0
280,2024-01-18T02:19:30.000-0300,24986440.7133355,308.08049,47865292.5969085,47388253.10905,45947447.2443385,,312.07353,312.04587779999997,338.66034549999995,,,,,0.9973036000000001,,,1.0,0.0,1.0,0.0,0.0,53623056.3995,53976537.09875,,54062683.615674995,22389974.4943,22146916.67405,71379732.00155,54063737.83055,,0.0,,75.930275,,0.0,,80.88695,0.0,1.0,0.0
