,timestamp,TPT_PRESS_ANM,TPT_TEMP_ANM,P_PDG_COL,P_PDG_AN_SUP,P_PDG_AN_INF,P_PDG_AN_INT,T_PDG_COL,T_PDG_AN_SUP,T_PDG_AN_INF,T_PDG_AN_INT,CHK_PROD,PRESS_PROD_TOP_SIDE,SURFACE_PRESSURE,INJ_WATER_VALV,FLOWIN_WATER_INJ,MAN_CHK_WATER,M1,M2,W1,W2,XO,P_CI1,P_CI2,P_CI3,P_CI4,HP_PRESS_RET,LP_PRESS_RET,HP_PRESS,LP_PRESS,FLOW_HP_RET,FLOW_HP_RET_VOL,FLOW_LP_RET,FLOW_LP_RET_VOL,FLOW_HP,FLOW_HP_VOL,FLOW_LP,FLOW_LP_VOL,PXO,DHSV,class
0,2022-10-23T23:59:30.000-0300,,,,,,,,,,,,,,,,,,,,,,,,,,,,,,,,,,,,,,,,0.0
1,2022-10-24T00:00:00.000-0300,,,,,,,,,,,,,,,,,,,,,,,,,,,,,,,,,,,,,,,,0.0
2,2022-10-24T00:00:30.000-0300,30658902.5477,290.60436,59077338.6098,58927914.68375,59924982.090407,,303.89975999999996,303.9592346,304.61379999999997,,,,,0.9459383,,,,,,,,51824188.855124,51988072.0982,,51995296.461122,22395655.5847115,22549578.8017815,71469658.98205,52112469.45345,,0.0022,,63.5714,,0.0003,,61.2861,,,0.0
3,2022-10-24T00:01:00.000-0300,30680978.983980503,290.6273369,59072817.74415,58926345.61974999,59921191.03565001,,303.8990768,303.95844689999996,304.6115154,,,,,0.9458567999999999,,,1.0,0.0,1.0,0.0,0.0,51824188.855124,51988072.0982,,51995296.461122,22395655.5847115,22549578.8017815,71469658.98205,52112469.45345,,0.0022,,63.5714,,0.0003,,61.2861,0.0,1.0,0.0
4,2022-10-24T00:01:30.000-0300,30627991.9869,290.56774179999996,59077534.7428,58929081.6751,59926869.085999995,,303.89516299999997,303.95418589999997,304.60873,,,,,0.946012039,,,1.0,0.0,1.0,0.0,0.0,51824494.1361385,51991645.249194,,51988862.023857504,22383177.309052,22543506.5241015,71473758.16175,52108925.2320735,,0.0022,,63.5714,,0.0003,,61.2861,0.0,1.0,0.0
5,2022-10-24T00:02:00.000-0300,30688574.6266715,290.5997375,59077681.84255,58928669.7958,59925653.0614,,303.8915047,303.950518,304.6075424,,,,,0.945814743,,,1.0,0.0,1.0,0.0,0.0,51822722.17255,51984512.284250006,,51998630.329856,22390117.5733235,22548863.602796998,71457246.9993445,52108314.768111005,,0.0022,,63.5714,,0.0003,,61.2861,0.0,1.0,0.0
6,2022-10-24T00:02:30.000-0300,30671886.552300002,290.6324467,59078853.344959,58928454.0495,59928918.675850004,,303.8906025,303.9494041,304.60569,,,,,0.9461176,,,1.0,0.0,1.0,0.0,0.0,51823800.90405,51991690.75205,,51995005.39975,22389403.74727,22543171.3328045,71480255.263508,52117274.711950004,,0.0022,,63.5714,,0.0003,,61.2861,0.0,1.0,0.0
7,2022-10-24T00:03:00.000-0300,30629928.604142,290.5380234,59074430.055476494,58928257.916499995,59919759.26475,,303.8874077,303.9467262,304.60328899999996,,,,,0.945993,,,1.0,0.0,1.0,0.0,0.0,51823290.95825,51989827.48855,,51986419.971874505,22386173.044494003,22547859.4999035,71480913.681989,52112767.967875995,,0.0022,,63.5714,,0.0003,,61.2861,0.0,1.0,0.0
8,2022-10-24T00:03:30.000-0300,30652227.651377503,290.59574999999995,59071317.326699995,58926159.2934,59921593.1083,,303.8829369,303.94188729999996,304.5993084,,,,,0.9458907999999999,,,1.0,0.0,1.0,0.0,0.0,51823732.2575,51997283.5826115,,51992318.37764999,22386743.203125,22543904.576024998,71487090.694691,52111224.0089,,0.0022,,63.5714,,0.0003,,61.2861,0.0,1.0,0.0
9,2022-10-24T00:04:00.000-0300,30604140.056637,290.59154739999997,59072999.4613745,58927512.6111,59926064.940699995,,303.88051829999995,303.9395012,304.5959782,,,,,0.9460106,,,1.0,0.0,1.0,0.0,0.0,51822453.078074,51993901.8574255,,51989382.75697251,22391982.013621498,22548691.4960895,71470208.15445,52107392.943011,,0.0022,,63.5714,,0.0003,,61.2861,0.0,1.0,0.0
10,2022-10-24T00:04:30.000-0300,30669642.4965805,290.5581135,59074400.04712751,58926316.19980001,59922109.036156505,,303.8785557,303.9379848,304.5945076,,,,,0.9457872999999999,,,1.0,0.0,1.0,0.0,0.0,51823467.47795001,51991812.8448425,,51990935.64,22380409.08789,22544130.521241,71457469.3161,52110949.422699995,,0.0022,,63.5714,,0.0003,,61.2861,0.0,1.0,0.0
11,2022-10-24T00:05:00.000-0300,30665710.0299305,290.5511974,59078387.92135,58929532.780999996,59926516.04660001,,303.876284,303.9345631,304.5924343,,,,,0.9459242999999999,,,1.0,0.0,1.0,0.0,0.0,51822441.015894495,51987846.545250006,,51994314.81545701,22387141.255048502,22545433.9230925,71484849.4829,52115646.80805,,0.0022,,63.5714,,0.0003,,61.2861,0.0,1.0,0.0
12,2022-10-24T00:05:30.000-0300,30647330.7007,290.55230559999995,59071568.965339,58926240.88472801,59921720.59475,,303.8742069,303.9312233,304.59051999999997,,,,,0.9462295000000001,,,1.0,0.0,1.0,0.0,0.0,51824879.63554999,51988018.063558504,,51987513.11915,22385938.175226502,22544384.905742,71477317.9757,52104238.6340385,,0.0022,,63.5714,,0.0003,,61.2861,0.0,1.0,0.0
13,2022-10-24T00:06:00.000-0300,30682987.680099998,290.54839999999996,59075602.83275,58927649.9042,59926628.1366095,,303.8698715,303.9292377,304.5888733,,,,,0.9460322569999999,,,1.0,0.0,1.0,0.0,0.0,51822633.9127,51988493.78415,,51994117.309526004,22385115.103092,22544384.905742,71477317.9757,52104238.6340385,,0.0022,,63.5714,,0.0003,,61.2861,0.0,1.0,0.0
14,2022-10-24T00:06:30.000-0300,30648022.854057,290.5647835,59070925.06070001,58924962.8821,59920175.753175505,,303.8684219,303.9262966,304.58707849999996,,,,,0.9458671,,,1.0,0.0,1.0,0.0,0.0,51821806.623706006,51990154.932593495,,51999594.91195,22394886.449152,22548881.4509,71475327.22575,52108189.046858,,0.0022,,63.5714,,0.0003,,61.2861,0.0,1.0,0.0
15,2022-10-24T00:07:00.000-0300,30659506.048940998,290.5279736,59077034.603649996,58928617.1340895,59925814.086593,,303.86553799999996,303.9239983,304.5838684,,,,,0.9460584,,,1.0,0.0,1.0,0.0,0.0,51823418.4447,51983394.32614999,,51997385.3756385,22384905.633047998,22551115.601903,71471110.36625,52097864.017339,,0.0022,,63.5714,,0.0003,,61.2861,0.0,1.0,0.0
16,2022-10-24T00:07:30.000-0300,30657348.193675,290.5464138,59080074.66515,58929581.81425,59927579.87199199,,303.86424,303.9219154,304.58130869999997,,,,,0.9460267,,,1.0,0.0,1.0,0.0,0.0,51819472.24874,51996878.4699,,51992333.5779575,22385810.982976,22552246.897047002,71471110.36625,52097864.017339,,0.0022,,63.5714,,0.0003,,61.2861,0.0,1.0,0.0
17,2022-10-24T00:08:00.000-0300,30683174.00645,290.59428629999996,59075549.288441,58928405.01625,59927148.869724505,,303.86298,303.92042999999995,304.580521,,,,,0.9461042999999999,,,1.0,0.0,1.0,0.0,0.0,51819472.24874,51996878.4699,,51992333.5779575,22385810.982976,22552246.897047002,71470482.74065,52107350.382149994,,0.0022,,63.5714,,0.0003,,61.2861,0.0,1.0,0.0
18,2022-10-24T00:08:30.000-0300,30673775.4111565,290.582745,59079679.261022,58929922.006938495,59927274.5909775,,303.85954319999996,303.9169373,304.57840389999996,,,,,0.945786743,,,1.0,0.0,1.0,0.0,0.0,51830766.8617445,51990072.654800005,,51996128.457307994,22391313.102025002,22549867.607624,71464226.09795,52100593.6003,,0.0022,,63.5714,,0.0003,,61.2861,0.0,1.0,0.0
19,2022-10-24T00:09:00.000-0300,30654780.420439,290.5490383,59077966.2354,58930017.7198425,59924319.357,,303.8583,303.91554679999996,304.57748449999997,,,,,0.9460189,,,1.0,0.0,1.0,0.0,0.0,51820211.67015,51991288.6794,,51992136.0720265,22393402.114608,22549885.5537935,71463068.91325,52115700.842691496,,0.0022,,63.5714,,0.0003,,61.2861,0.0,1.0,0.0
20,2022-10-24T00:09:30.000-0300,30654116.9025,290.5791286,59076147.886356995,58929444.52115,59927124.0589,,303.8552059,303.91351169999996,304.5740646,,,,,0.9457181,,,1.0,0.0,1.0,0.0,0.0,51824422.253394,51993907.05495,,51986002.89505,22375224.115902003,22547542.254776,71480135.5243115,52110145.277399994,,0.0022,,63.5714,,0.0003,,61.2861,0.0,1.0,0.0
21,2022-10-24T00:10:00.000-0300,30648355.0052925,290.5751633,59076867.890599996,58930111.37335,59928134.14385,,303.8536228,303.9116825,304.5695747,,,,,0.9457406,,,1.0,0.0,1.0,0.0,0.0,51824422.253394,51993907.05495,,51986002.89505,22375224.115902003,22547542.254776,71480135.5243115,52110145.277399994,,0.0022,,63.5714,,0.0003,,61.2861,0.0,1.0,0.0
22,2022-10-24T00:10:30.000-0300,30652969.52445,290.52526889999996,59081937.92865001,58931244.825957,59930590.513542,,303.85206639999996,303.9106888,304.56783709999996,,,,,0.9458935549999999,,,1.0,0.0,1.0,0.0,0.0,51822526.03954999,51984546.5094585,,51995206.632208,22384408.828158997,22547904.4143605,71461539.07585,52120922.78575,,0.0022,,63.5714,,0.0003,,61.2861,0.0,1.0,0.0
23,2022-10-24T00:11:00.000-0300,30643260.940950003,290.53071439999997,59079643.17255,58932382.005091,59927839.94435,,303.8492035,303.9088253,304.5651039,,,,,0.9459796,,,1.0,0.0,1.0,0.0,0.0,51827552.732207,51992965.61655,,51993626.4866935,22388389.2493275,22551206.9018145,71467217.12619999,52111096.52245,,0.0022,,63.5714,,0.0003,,61.2861,0.0,1.0,0.0
24,2022-10-24T00:11:30.000-0300,30633900.003192503,290.5370888,59076028.1471605,58929389.3097105,59927089.0491595,,303.8460945,303.9047359,304.5602211,,,,,0.9461303999999999,,,1.0,0.0,1.0,0.0,0.0,51825781.84735,51988248.6179,,51987366.0194,22392759.5829,22550147.489415,71471791.732292,52112151.42379051,,0.0022,,63.5714,,0.0003,,61.2861,0.0,1.0,0.0
25,2022-10-24T00:12:00.000-0300,30642052.271337498,290.5318188,59076220.651700005,58929728.914000005,59927382.2679945,,303.8430141,303.9021782,304.5582546,,,,,0.9457625000000001,,,1.0,0.0,1.0,0.0,0.0,51828384.630326495,51990406.0809,,51988160.35805,22389240.6626805,22549342.363450002,71469413.8158,52109949.1444,,0.0022,,63.5714,,0.0003,,61.2861,0.0,1.0,0.0
26,2022-10-24T00:12:30.000-0300,30644692.71185,290.5607819,59076573.6911,58928571.72929999,59925490.859409,,303.84137189999996,303.90016399999996,304.55725329999996,,,,,0.945727844,,,1.0,0.0,1.0,0.0,0.0,51828384.630326495,51990406.0809,,51988160.35805,22389240.6626805,22549342.363450002,71469413.8158,52109949.1444,,0.0022,,63.5714,,0.0003,,61.2861,0.0,1.0,0.0
27,2022-10-24T00:13:00.000-0300,30708506.348596998,290.5359215,59077021.756938495,58930572.285900004,59931021.5158095,,303.83734999999996,303.89512859999996,304.55503,,,,,0.9457840000000001,,,1.0,0.0,1.0,0.0,0.0,51820976.58885001,51993853.902907,,51993740.3419,22392842.4490925,22542086.521181498,71466422.78755,52107301.3489,,0.0022,,63.5714,,0.0003,,61.2861,0.0,1.0,0.0
28,2022-10-24T00:13:30.000-0300,30622282.163004,290.5340179,59078972.986089,58931758.890549995,59928070.59675801,,303.83542289999997,303.89368479999996,304.55268329999996,,,,,0.9457874,,,1.0,0.0,1.0,0.0,0.0,51820976.58885001,51993853.902907,,51993740.3419,22392842.4490925,22542086.521181498,71466422.78755,52107301.3489,,0.0022,,63.5714,,0.0003,,61.2861,0.0,1.0,0.0
29,2022-10-24T00:14:00.000-0300,30656297.803393498,290.54704,59080098.2991765,58932016.9035115,59928546.02315,,303.8326229,303.88910519999996,304.55008999999995,,,,,0.9459268000000001,,,1.0,0.0,1.0,0.0,0.0,51825326.03425801,51992102.63135,,51998666.3202615,22396126.990376998,22548012.0913775,71461803.8554,52113689.6949095,,0.0022,,63.5714,,0.0003,,61.2861,0.0,1.0,0.0
30,2022-10-24T00:14:30.000-0300,30650895.908307504,290.53646319999996,59075141.920200005,58928767.8623,59922617.8051585,,303.82936329999995,303.88595,304.5480465,,,,,0.9459221999999999,,,1.0,0.0,1.0,0.0,0.0,51825326.03425801,51992102.63135,,51998666.3202615,22396126.990376998,22548012.0913775,71461803.8554,52113689.6949095,,0.0022,,63.5714,,0.0003,,61.2861,0.0,1.0,0.0
31,2022-10-24T00:15:00.000-0300,30658889.5048555,290.5370258,59079697.2071915,58930905.712,59928114.53055,,303.82779159999995,303.88516849999996,304.54681,,,,,0.9456260000000001,,,1.0,0.0,1.0,0.0,0.0,51829478.9544,51992406.637499996,,52003502.567775495,22387503.2185,22545570.0393945,71469888.3595935,52108615.44,,0.0022,,63.5714,,0.0003,,61.2861,0.0,1.0,0.0
32,2022-10-24T00:15:30.000-0300,30685096.109849997,290.5333389,59084850.503699996,58933985.000099994,59928992.421858,,303.824263,303.88320999999996,304.54487459999996,,,,,0.945996,,,1.0,0.0,1.0,0.0,0.0,51819364.473656505,51995865.050689004,,51992842.3469595,22389077.578091003,22550536.5192205,71487820.89784999,52108811.573,,0.0022,,63.5714,,0.0003,,61.2861,0.0,1.0,0.0
33,2022-10-24T00:16:00.000-0300,30647244.6963795,290.495747,59080463.400756,58931945.2169,59928340.083500005,,303.82274479999995,303.8809589,304.54228,,,,,0.945935745,,,1.0,0.0,1.0,0.0,0.0,51831665.837349996,51986444.194299996,,52001497.402049996,22391004.19255,22547940.0125,71474219.0743,52108115.300850004,,0.0022,,63.5714,,0.0003,,61.2861,0.0,1.0,0.0
34,2022-10-24T00:16:30.000-0300,30622850.752570998,290.53426779999995,59082570.261442006,58933180.8548,59931909.7041,,303.82196999999996,303.8794369,304.54134999999997,,,,,0.945935745,,,1.0,0.0,1.0,0.0,0.0,51821746.7050745,51989418.649311505,,51994763.763894,22386933.256001998,22547488.9066,71481397.54210001,52112247.234761,,0.0022,,63.5714,,0.0003,,61.2861,0.0,1.0,0.0
35,2022-10-24T00:17:00.000-0300,30682789.58577,290.52011999999996,59083958.09855,58934151.71315,59932649.517776005,,303.81726879999997,303.87444339999996,304.5397514,,,,,0.9457466999999999,,,1.0,0.0,1.0,0.0,0.0,51823585.157749996,51991033.706499994,,51994014.928100005,22391693.207779,22553604.137406997,71448339.32495,52103795.667657994,,0.0022,,63.5714,,0.0003,,61.2861,0.0,1.0,0.0
36,2022-10-24T00:17:30.000-0300,30682789.58577,290.52011999999996,59083958.09855,58934151.71315,59932649.517776005,,303.81726879999997,303.87444339999996,304.5397514,,,,,0.9457466999999999,,,1.0,0.0,1.0,0.0,0.0,51823585.157749996,51991033.706499994,,51994014.928100005,22391693.207779,22553604.137406997,71448339.32495,52103795.667657994,,0.0022,,63.5714,,0.0003,,61.2861,0.0,1.0,0.0
37,2022-10-24T00:18:00.000-0300,30682789.58577,290.52011999999996,59083958.09855,58934151.71315,59932649.517776005,,303.81726879999997,303.87444339999996,304.5397514,,,,,0.9457466999999999,,,1.0,0.0,1.0,0.0,0.0,51823585.157749996,51991033.706499994,,51994014.928100005,22391693.207779,22553604.137406997,71448339.32495,52103795.667657994,,0.0022,,63.5714,,0.0003,,61.2861,0.0,1.0,0.0
38,2022-10-24T00:18:30.000-0300,30651302.39395,290.4678921,59078470.1991435,58932249.22305,59926133.58725,,303.8118824,303.86866799999996,304.53418769999996,,,,,0.9460516,,,1.0,0.0,1.0,0.0,0.0,51831665.837349996,51991425.9725,,51998261.20755,22390933.0943375,22548999.1307,71470316.0276,52104790.8465,,0.0022,,63.5714,,0.0003,,61.2861,0.0,1.0,0.0
39,2022-10-24T00:19:00.000-0300,30706839.41423,290.4758629,59080957.26364999,58932778.78215,59928516.6032,,303.80854,303.86541,304.53101999999996,,,,,0.9459071,,,1.0,0.0,1.0,0.0,0.0,51825385.9528895,51987509.2945565,,51995039.03655951,22390968.9866765,22552881.387302,71460352.4712,52111420.1419,,0.0022,,63.5714,,0.0003,,61.2861,0.0,1.0,0.0
40,2022-10-24T00:19:30.000-0300,30651439.68705,290.50229679999995,59076652.14430001,58931214.817608,59925270.60204999,,303.80708,303.86383859999995,304.52972259999996,,,,,0.9458475,,,1.0,0.0,1.0,0.0,0.0,51825385.9528895,51987509.2945565,,51995039.03655951,22390968.9866765,22552881.387302,71460352.4712,52111420.1419,,0.0022,,63.5714,,0.0003,,61.2861,0.0,1.0,0.0
41,2022-10-24T00:20:00.000-0300,30658739.8553765,290.4700512,59072353.0070065,58927635.488424495,59922132.47405,,303.8016247,303.8603672,304.52608,,,,,0.9456378,,,1.0,0.0,1.0,0.0,0.0,51821084.462,51988311.38046,,51996511.505057,22386770.171412498,22552284.35845,71466089.36145,52108847.465339,,0.0022,,63.5714,,0.0003,,61.2861,0.0,1.0,0.0
42,2022-10-24T00:20:30.000-0300,30693805.984114,290.5069241,59080882.340844005,58931523.53095,59931207.0576275,,303.7984165,303.85773889999996,304.5223545,,,,,0.9462465,,,1.0,0.0,1.0,0.0,0.0,51825605.32765,51990121.68805,,51998800.5733,22379749.100345,22551161.9873575,71470959.73610601,52106095.13095,,0.0022,,63.5714,,0.0003,,61.2861,0.0,1.0,0.0
43,2022-10-24T00:21:00.000-0300,30646714.9411465,290.51117999999997,59080986.6836,58933886.9336,59931860.67085,,303.797665,303.8552155,304.5207,,,,,0.9459276,,,1.0,0.0,1.0,0.0,0.0,51833538.9075,51993518.71161,,52005302.38225,22387186.1695055,22550003.8219925,71471743.87584,52110493.413475,,0.0022,,63.5714,,0.0003,,61.2861,0.0,1.0,0.0
44,2022-10-24T00:21:30.000-0300,30650919.9346,290.4951443,59081633.9225,58933396.6011,59930703.486150004,,303.7962154,303.85319999999996,304.51932999999997,,,,,0.9456095999999999,,,1.0,0.0,1.0,0.0,0.0,51833538.9075,51993518.71161,,52005302.38225,22387186.1695055,22550003.8219925,71471743.87584,52110493.413475,,0.0022,,63.5714,,0.0003,,61.2861,0.0,1.0,0.0
45,2022-10-24T00:22:00.000-0300,30655447.861038,290.4499935,59079206.4824255,58932219.803100005,59928040.6864755,,303.79431189999997,303.851704,304.5159935,,,,,0.9457349,,,1.0,0.0,1.0,0.0,0.0,51823379.218100004,51991288.6794,,51998496.567150004,22391212.878062002,22547243.74035,71463971.12505,52113381.4719,,0.0022,,63.5714,,0.0003,,61.2861,0.0,1.0,0.0
46,2022-10-24T00:22:30.000-0300,30679841.804846503,290.4745049,59077716.06775849,58930817.45215,59926663.146350004,,303.7921318,303.8504719,304.5143265,,,,,0.9457349,,,1.0,0.0,1.0,0.0,0.0,51823428.25135,51981599.7092,,51999810.65825,22389557.907808002,22544456.7884865,71453913.032544,52105075.23935,,0.0022,,63.5714,,0.0003,,61.2861,0.0,1.0,0.0
47,2022-10-24T00:23:00.000-0300,30693186.596100003,290.4523853,59085801.74875,58934991.750788994,59933367.8548885,,303.78860319999995,303.84580839999995,304.5106682,,,,,0.9459791559999999,,,1.0,0.0,1.0,0.0,0.0,51824928.668800004,51990347.241,,51999084.96615,22384961.040620502,22548682.4739715,71471576.2801915,52112155.640650004,,0.0022,,63.5714,,0.0003,,61.2861,0.0,1.0,0.0
48,2022-10-24T00:23:30.000-0300,30672629.2099045,290.47121849999996,59086945.69447251,58936589.842473,59934528.07965,,303.78633349999996,303.8438534,304.5105537,,,,,0.9460316,,,1.0,0.0,1.0,0.0,0.0,51826660.8173895,51991166.48854101,,51992962.086155996,22389240.6626805,22551153.063306,71471576.2801915,52112155.640650004,,0.0022,,63.5714,,0.0003,,61.2861,0.0,1.0,0.0
49,2022-10-24T00:24:00.000-0300,30683703.565550003,290.4729084,59081928.121999994,58934269.392950006,59929207.8739585,,303.78322829999996,303.84303509999995,304.5093674,,,,,0.9460341,,,1.0,0.0,1.0,0.0,0.0,51823555.7378,51992812.436676994,,51996564.6571,22389339.415646,22545597.007682,71458503.917675,52112043.648706995,,0.0022,,63.5714,,0.0003,,61.2861,0.0,1.0,0.0
50,2022-10-24T00:24:30.000-0300,30669717.32132,290.4394974,59082153.674949996,58934671.4656,59931667.970177494,,303.7812141,303.84176099999996,304.50744999999995,,,,,0.9457412,,,1.0,0.0,1.0,0.0,0.0,51823555.7378,51992812.436676994,,51996564.6571,22389339.415646,22545597.007682,71458503.917675,52112043.648706995,,0.0022,,63.5714,,0.0003,,61.2861,0.0,1.0,0.0
51,2022-10-24T00:25:00.000-0300,30640795.353007,290.44539,59081584.88925,58932749.36220001,59928889.2559,,303.7789444,303.83854709999997,304.5042957,,,,,0.9457412,,,1.0,0.0,1.0,0.0,0.0,51823516.5112,51988706.392322,,51993671.69535,22386788.117582,22552772.141221,71462245.15465,52103015.84285,,0.0022,,63.5714,,0.0003,,61.2861,0.0,1.0,0.0
52,2022-10-24T00:25:30.000-0300,30716263.506813504,290.42625999999996,59085968.461799994,58936559.93219049,59937989.8271,,303.7741837,303.8357529,304.4997257,,,,,0.945525742,,,1.0,0.0,1.0,0.0,0.0,51822849.659,51986679.553899996,,51994793.6741765,22388869.5790445,22551913.1767475,71449084.63035,52105992.357258,,0.0022,,63.5714,,0.0003,,61.2861,0.0,1.0,0.0
53,2022-10-24T00:26:00.000-0300,30657261.404822502,290.44414559999996,59082977.43355,58935171.60475,59930448.51325,,303.77326619999997,303.83476679999995,304.4984249,,,,,0.9456901550000001,,,1.0,0.0,1.0,0.0,0.0,51822849.659,51986679.553899996,,51994793.6741765,22388869.5790445,22551913.1767475,71449084.63035,52105992.357258,,0.0022,,63.5714,,0.0003,,61.2861,0.0,1.0,0.0
54,2022-10-24T00:26:30.000-0300,30649133.16297,290.4242577,59080247.9486555,58933076.315911,59930177.555510506,,303.7701935,303.83211,304.49372,,,,,0.9460763,,,1.0,0.0,1.0,0.0,0.0,51829228.590625495,51984007.7321075,,51984875.1303,22390435.406850003,22545107.655847,71471025.636794,52110583.24238901,,0.0022,,63.5714,,0.0003,,61.2861,0.0,1.0,0.0
55,2022-10-24T00:27:00.000-0300,30641115.5401295,290.4582314,59084814.9055605,58935027.64312799,59931144.7854,,303.76687469999996,303.829306,304.489695,,,,,0.9458311460000001,,,1.0,0.0,1.0,0.0,0.0,51821273.926478,51989400.703142,,52001467.982099995,22399510.284627,22546945.225924,71474293.7029065,52121570.02465001,,0.0022,,63.5714,,0.0003,,61.2861,0.0,1.0,0.0
56,2022-10-24T00:27:30.000-0300,30623554.085509002,290.42319,59083948.2919,58936524.922450006,59933158.286778,,303.7646259,303.8280281,304.4885811,,,,,0.9459595489999999,,,1.0,0.0,1.0,0.0,0.0,51821273.926478,51989400.703142,,52001467.982099995,22399510.284627,22546945.225924,71474293.7029065,52121570.02465001,,0.0022,,63.5714,,0.0003,,61.2861,0.0,1.0,0.0
57,2022-10-24T00:28:00.000-0300,30650710.268423,290.42909849999995,59084180.415305495,58936224.740893506,59933846.6155415,,303.7636913,303.8251251,304.4878983,,,,,0.9461579,,,1.0,0.0,1.0,0.0,0.0,51824712.9225,51986728.58715001,,51991161.192949995,22392317.2049185,22545632.900021,71478058.573908,52105333.938777,,0.0022,,63.5714,,0.0003,,61.2861,0.0,1.0,0.0
58,2022-10-24T00:28:30.000-0300,30660146.423186,290.43341289999995,59085389.869449995,58935913.4778225,59934998.79885001,,303.7601532,303.82084879999996,304.48462329999995,,,,,0.945928345,,,1.0,0.0,1.0,0.0,0.0,51826630.907106996,51989327.3494,,51993979.62416001,22388724.4406245,22554482.420981,71465536.9528555,52107262.1223,,0.0022,,63.5714,,0.0003,,61.2861,0.0,1.0,0.0
59,2022-10-24T00:29:00.000-0300,30665561.26305,290.3752045,59085808.417272,58935638.1070905,59931478.2115,,303.75690999999995,303.8176464,304.48289339999997,,,,,0.9458907999999999,,,1.0,0.0,1.0,0.0,0.0,51823865.62794,51990406.0809,,51989107.3862405,22388181.250281002,22546701.3345385,71455816.40524249,52107124.8292,,0.0022,,63.5714,,0.0003,,61.2861,0.0,1.0,0.0
60,2022-10-24T00:29:30.000-0300,30635516.139112502,290.386845,59082923.3989085,58936044.3966,59929297.70287249,,303.7563919,303.8161053,304.48227349999996,,,,,0.9458692999999999,,,1.0,0.0,1.0,0.0,0.0,51823865.62794,51990406.0809,,51989107.3862405,22388181.250281002,22546701.3345385,71455816.40524249,52107124.8292,,0.0022,,63.5714,,0.0003,,61.2861,0.0,1.0,0.0
61,2022-10-24T00:30:00.000-0300,30649971.1412125,290.3748516,59085042.321774006,58936505.309149995,59932478.489800006,,303.75388369999996,303.8123573,304.47898999999995,,,,,0.9458907999999999,,,1.0,0.0,1.0,0.0,0.0,51824487.369550005,51988091.7115,,51996221.42434999,22387584.1233625,22551079.709564,71446814.2928085,52102741.25665,,0.0022,,63.5714,,0.0003,,61.2861,0.0,1.0,0.0
62,2022-10-24T00:30:30.000-0300,30640115.948295,290.39568749999995,59087508.10585,58938143.0197,59933949.4873,,303.753384,303.8111328,304.47905579999997,,,,,0.9460572,,,1.0,0.0,1.0,0.0,0.0,51824487.369550005,51988091.7115,,51996221.42434999,22387584.1233625,22551079.709564,71446814.2928085,52102741.25665,,0.0022,,63.5714,,0.0003,,61.2861,0.0,1.0,0.0
63,2022-10-24T00:31:00.000-0300,30674957.602813996,290.34427869999996,59085487.935949996,58935887.4902,59933135.53535,,303.75116199999997,303.8099751,304.4777569,,,,,0.9459611510000001,,,1.0,0.0,1.0,0.0,0.0,51827547.044350006,51987983.838350005,,51996756.86744001,22380462.9263985,22550066.682619,71464392.811,52116287.378428,,0.0022,,63.5714,,0.0003,,61.2861,0.0,1.0,0.0
64,2022-10-24T00:31:30.000-0300,30622049.156999998,290.40657269999997,59083771.7722,58937387.90765,59936028.4971,,303.74776499999996,303.8066048,304.4741653,,,,,0.945823441,,,1.0,0.0,1.0,0.0,0.0,51821712.0876,51985085.188742995,,51985222.87410901,22389765.9068545,22547379.1701865,71465138.11639999,52108027.041,,0.0022,,63.5714,,0.0003,,61.2861,0.0,1.0,0.0
65,2022-10-24T00:32:00.000-0300,30662426.959643498,290.3691963,59079451.844808504,58934377.2661,59929673.7879,,303.7456345,303.8033585,304.4724945,,,,,0.9460158540000001,,,1.0,0.0,1.0,0.0,0.0,51825954.5424565,51992720.45029999,,51996711.75685,22381567.253255,22545968.091318,71473787.5817,52108242.7873,,0.0022,,63.5714,,0.0003,,61.2861,0.0,1.0,0.0
66,2022-10-24T00:32:30.000-0300,30688636.3105,290.34594999999996,59084752.4372,58936362.4262595,59933253.21515,,303.74069,303.80024,304.4672359,,,,,0.9457849,,,1.0,0.0,1.0,0.0,0.0,51821627.0639445,51987042.399950005,,51996819.63,22389837.2012,22554690.4200275,71456753.43065001,52102535.317,,0.0022,,63.5714,,0.0003,,61.2861,0.0,1.0,0.0
67,2022-10-24T00:33:00.000-0300,30718544.043271,290.34148,59090685.46045001,58939558.60962751,59941029.8886,,303.738541,303.79787999999996,304.46501,,,,,0.9460481000000001,,,1.0,0.0,1.0,0.0,0.0,51821712.0876,51989160.63635,,51989268.509500004,22391738.122236002,22545053.8173385,71465477.034224,52110537.5434,,0.0022,,63.5714,,0.0003,,61.2861,0.0,1.0,0.0
68,2022-10-24T00:33:30.000-0300,30645383.1980765,290.35331759999997,59088920.263450004,58939545.37065001,59933403.7472275,,303.73742999999996,303.79689249999996,304.46352229999997,,,,,0.9460472,,,1.0,0.0,1.0,0.0,0.0,51821712.0876,51989160.63635,,51989268.509500004,22391738.122236002,22545053.8173385,71465477.034224,52110537.5434,,0.0022,,63.5714,,0.0003,,61.2861,0.0,1.0,0.0
69,2022-10-24T00:34:00.000-0300,30665216.167036496,290.33236539999996,59085281.996300004,58938054.75985,59934067.167100005,,303.73459849999995,303.79383509999997,304.45931659999997,,,,,0.9460288,,,1.0,0.0,1.0,0.0,0.0,51825493.629906505,51987287.566199996,,51992416.44415,22392923.2558885,22544881.710630998,71480004.9978,52120507.179923,,0.0022,,63.5714,,0.0003,,61.2861,0.0,1.0,0.0
70,2022-10-24T00:34:30.000-0300,30664770.258661,290.3475822,59082526.32765,58935805.702739,59931625.31125,,303.73217239999997,303.79210129999996,304.4573349,,,,,0.946081,,,1.0,0.0,1.0,0.0,0.0,51826909.6121,51982374.43455,,51993377.49585,22388760.3329635,22549767.383661002,71477729.855,52110265.9972615,,0.0022,,63.5714,,0.0003,,61.2861,0.0,1.0,0.0
71,2022-10-24T00:35:00.000-0300,30669101.4637,290.3255829,59088148.774294496,58937799.78695,59937391.62144999,,303.7313446,303.79175219999996,304.45615999999995,,,,,0.9460485,,,1.0,0.0,1.0,0.0,0.0,51826909.6121,51982374.43455,,51993377.49585,22388760.3329635,22549767.383661002,71477729.855,52110265.9972615,,0.0022,,63.5714,,0.0003,,61.2861,0.0,1.0,0.0
72,2022-10-24T00:35:30.000-0300,30658581.281845998,290.33139,59081535.856000006,58937436.9409,59931757.701025,,303.7287373,303.78852689999997,304.4528812,,,,,0.9457805,,,1.0,0.0,1.0,0.0,0.0,51823255.065911,51989801.795127004,,51997421.2679775,22394687.472223498,22545062.74139,71464202.16972399,52109835.0930605,,0.0022,,63.5714,,0.0003,,61.2861,0.0,1.0,0.0
73,2022-10-24T00:36:00.000-0300,30665512.229799997,290.3195747,59086197.545144,58937083.9015,59934135.81365,,303.7277721,303.78682749999996,304.45065159999996,,,,,0.946055145,,,1.0,0.0,1.0,0.0,0.0,51823255.065911,51989801.795127004,,51997421.2679775,22394687.472223498,22545062.74139,71464202.16972399,52109835.0930605,,0.0022,,63.5714,,0.0003,,61.2861,0.0,1.0,0.0
74,2022-10-24T00:36:30.000-0300,30705915.6278,290.3171658,59089685.18215,58940187.117826,59934792.8592,,303.72336429999996,303.7829041,304.44941559999995,,,,,0.9458335999999999,,,1.0,0.0,1.0,0.0,0.0,51828983.2282425,51988969.798941,,51992255.811223,22391756.0684055,22551857.8672415,71469011.74315001,52107987.8144,,0.0022,,63.5714,,0.0003,,61.2861,0.0,1.0,0.0
75,2022-10-24T00:37:00.000-0300,30654646.4616,290.3231911,59084664.17735,58938636.882594004,59931586.08465,,303.72292999999996,303.781567,304.44749679999995,,,,,0.945932846,,,1.0,0.0,1.0,0.0,0.0,51828983.2282425,51988969.798941,,51992255.811223,22391756.0684055,22551857.8672415,71469011.74315001,52107987.8144,,0.0022,,63.5714,,0.0003,,61.2861,0.0,1.0,0.0
76,2022-10-24T00:37:30.000-0300,30674577.497059997,290.2906746,59090391.26095,58940035.703150004,59937852.534,,303.7192348,303.77833,304.4447121,,,,,0.9458408,,,1.0,0.0,1.0,0.0,0.0,51824344.4866595,51988850.0597445,,51988891.93414,22387838.5078635,22554346.304679003,71440974.5308,52115244.7354,,0.0022,,63.5714,,0.0003,,61.2861,0.0,1.0,0.0
77,2022-10-24T00:38:00.000-0300,30646580.295842,290.3395351,59087502.3199265,58939986.66989999,59937440.654699996,,303.71732999999995,303.77625889999996,304.4437832,,,,,0.9458249999999999,,,1.0,0.0,1.0,0.0,0.0,51822716.386626504,51993132.32960001,,51997283.5826115,22384364.0117685,22554111.337345,71452422.617877,52110984.236307494,,0.0022,,63.5714,,0.0003,,61.2861,0.0,1.0,0.0
78,2022-10-24T00:38:30.000-0300,30647220.7681535,290.31325999999996,59090332.421050005,58941815.21785901,59939294.111549996,,303.71614999999997,303.77479,304.4439682,,,,,0.9458249999999999,,,1.0,0.0,1.0,0.0,0.0,51815592.738,51986208.8347,,51995074.046299994,22391295.1558555,22552528.151769,71464477.4423895,52106914.0842915,,0.0022,,63.5714,,0.0003,,61.2861,0.0,1.0,0.0
79,2022-10-24T00:39:00.000-0300,30647220.7681535,290.31325999999996,59090332.421050005,58941815.21785901,59939294.111549996,,303.71614999999997,303.77479,304.4439682,,,,,0.9458249999999999,,,1.0,0.0,1.0,0.0,0.0,51815592.738,51986208.8347,,51995074.046299994,22391295.1558555,22552528.151769,71464477.4423895,52106914.0842915,,0.0022,,63.5714,,0.0003,,61.2861,0.0,1.0,0.0
80,2022-10-24T00:39:30.000-0300,30665240.095262498,290.3069824,59089793.0553,58942075.48635001,59939760.319691,,303.70991169999996,303.7682652,304.43722379999997,,,,,0.946029,,,1.0,0.0,1.0,0.0,0.0,51819682.111049995,51988036.00972801,,52001183.58925,22389131.1224,22545614.9538515,71459273.73969999,52112861.71945,,0.0022,,63.5714,,0.0003,,61.2861,0.0,1.0,0.0
81,2022-10-24T00:40:00.000-0300,30665240.095262498,290.3069824,59089793.0553,58942075.48635001,59939760.319691,,303.70991169999996,303.7682652,304.43722379999997,,,,,0.946029,,,1.0,0.0,1.0,0.0,0.0,51819682.111049995,51988036.00972801,,52001183.58925,22389131.1224,22545614.9538515,71459273.73969999,52112861.71945,,0.0022,,63.5714,,0.0003,,61.2861,0.0,1.0,0.0
82,2022-10-24T00:40:30.000-0300,30665240.095262498,290.3069824,59089793.0553,58942075.48635001,59939760.319691,,303.70991169999996,303.7682652,304.43722379999997,,,,,0.946029,,,1.0,0.0,1.0,0.0,0.0,51819682.111049995,51988036.00972801,,52001183.58925,22389131.1224,22545614.9538515,71459273.73969999,52112861.71945,,0.0022,,63.5714,,0.0003,,61.2861,0.0,1.0,0.0
83,2022-10-24T00:41:00.000-0300,30665240.095262498,290.3069824,59089793.0553,58942075.48635001,59939760.319691,,303.70991169999996,303.7682652,304.43722379999997,,,,,0.946029,,,1.0,0.0,1.0,0.0,0.0,51819682.111049995,51988036.00972801,,52001183.58925,22389131.1224,22545614.9538515,71459273.73969999,52112861.71945,,0.0022,,63.5714,,0.0003,,61.2861,0.0,1.0,0.0
84,2022-10-24T00:41:30.000-0300,30665240.095262498,290.3069824,59089793.0553,58942075.48635001,59939760.319691,,303.70991169999996,303.7682652,304.43722379999997,,,,,0.946029,,,1.0,0.0,1.0,0.0,0.0,51819682.111049995,51988036.00972801,,52001183.58925,22389131.1224,22545614.9538515,71459273.73969999,52112861.71945,,0.0022,,63.5714,,0.0003,,61.2861,0.0,1.0,0.0
85,2022-10-24T00:42:00.000-0300,30643790.500049997,290.2807011,59087704.23885,58939971.6657255,59933230.1695225,,303.69803279999996,303.75614199999995,304.42695,,,,,0.9458565520000001,,,1.0,0.0,1.0,0.0,0.0,51822418.1664,51985953.8618,,52002380.00055,22391295.1558555,22557277.708497,71476808.0299,52112596.9399,,0.0022,,63.5714,,0.0003,,61.2861,0.0,1.0,0.0
86,2022-10-24T00:42:30.000-0300,30643790.500049997,290.2807011,59087704.23885,58939971.6657255,59933230.1695225,,303.69803279999996,303.75614199999995,304.42695,,,,,0.9458565520000001,,,1.0,0.0,1.0,0.0,0.0,51822418.1664,51985953.8618,,52002380.00055,22391295.1558555,22557277.708497,71476808.0299,52112596.9399,,0.0022,,63.5714,,0.0003,,61.2861,0.0,1.0,0.0
87,2022-10-24T00:43:00.000-0300,30683713.3722,290.2227425,59089086.976500005,58939845.94447251,59936665.929349996,,303.69452709999996,303.7525887,304.42484509999997,,,,,0.9458304599999999,,,1.0,0.0,1.0,0.0,0.0,51820417.6098,51991141.57965,,52000246.465776004,22392091.2597025,22551967.015256,71455864.359761,52110321.7971,,0.0022,,63.5714,,0.0003,,61.2861,0.0,1.0,0.0
88,2022-10-24T00:43:30.000-0300,30655176.0207,290.24975809999995,59089332.14275,58940055.31645,59936558.056200005,,303.69064749999995,303.74836389999996,304.4189037,,,,,0.945954,,,1.0,0.0,1.0,0.0,0.0,51828031.49286,51984851.692406505,,51995956.6448,22385142.0713795,22557232.79404,71469319.77002649,52107075.795949996,,0.0022,,63.5714,,0.0003,,61.2861,0.0,1.0,0.0
89,2022-10-24T00:44:00.000-0300,30672320.986895,290.21193999999997,59089106.5898,58942629.169809,59937754.4675,,303.6864189,303.74543,304.41624679999995,,,,,0.9456563,,,1.0,0.0,1.0,0.0,0.0,51823693.0309,51989107.3862405,,51996221.42434999,22388489.4732905,22551985.059492,71450810.60075,52106428.557050005,,0.0022,,63.5714,,0.0003,,61.2861,0.0,1.0,0.0
90,2022-10-24T00:44:30.000-0300,30680631.828570496,290.243853,59087580.1847275,58941384.2155915,59936930.7089,,303.68341869999995,303.7436813,304.4134583,,,,,0.946049,,,1.0,0.0,1.0,0.0,0.0,51823496.89789999,51987096.336525,,51996296.0529565,22387449.478058,22548230.5835395,71465818.2075775,52102442.938356996,,0.0022,,63.5714,,0.0003,,61.2861,0.0,1.0,0.0
91,2022-10-24T00:45:00.000-0300,30656421.46525,290.2244381,59087179.092742495,58939986.66989999,59935768.032476,,303.6815742,303.7404026,304.4108,,,,,0.945996246,,,1.0,0.0,1.0,0.0,0.0,51823663.61095,51987846.545250006,,51994417.000750005,22389421.6934395,22549071.601843502,71470688.6803,52111753.568,,0.0022,,63.5714,,0.0003,,61.2861,0.0,1.0,0.0
92,2022-10-24T00:45:30.000-0300,30665524.390046,290.22551999999996,59089400.7893,58942369.68585,59938597.83940001,,303.67997399999996,303.738932,304.40999,,,,,0.9461961999999999,,,1.0,0.0,1.0,0.0,0.0,51823663.61095,51987846.545250006,,51994417.000750005,22389421.6934395,22549071.601843502,71470688.6803,52111753.568,,0.0022,,63.5714,,0.0003,,61.2861,0.0,1.0,0.0
93,2022-10-24T00:46:00.000-0300,30661478.264322497,290.2372173,59087419.846,58941060.9884075,59938980.29875,,303.67757259999996,303.736,304.4086956,,,,,0.9457555000000001,,,1.0,0.0,1.0,0.0,0.0,51828272.73645,51986545.595061,,51992661.6104,22389162.797879502,22545876.7914065,71472110.64455,52109527.45845,,0.0022,,63.5714,,0.0003,,61.2861,0.0,1.0,0.0
94,2022-10-24T00:46:30.000-0300,30661711.6625925,290.2292122,59084461.6700275,58938309.732750006,59932062.982039504,,303.67467999999997,303.7326721,304.4079556,,,,,0.9460704,,,1.0,0.0,1.0,0.0,0.0,51829047.461799994,51988353.25485549,,51991902.673756495,22391145.5063765,22549216.7402635,71481607.992809,52104777.313323006,,0.0022,,63.5714,,0.0003,,61.2861,0.0,1.0,0.0
95,2022-10-24T00:47:00.000-0300,30657767.2318295,290.22398219999997,59088609.6868445,58940324.803192,59937872.1473,,303.67419659999996,303.73053589999995,304.4065918,,,,,0.945842056,,,1.0,0.0,1.0,0.0,0.0,51829047.461799994,51988353.25485549,,51991902.673756495,22391145.5063765,22549216.7402635,71481607.992809,52104777.313323006,,0.0022,,63.5714,,0.0003,,61.2861,0.0,1.0,0.0
96,2022-10-24T00:47:30.000-0300,30655534.649890497,290.2208923,59089591.3325095,58942539.438961506,59937107.2286,,303.67100999999997,303.7278828,304.40373839999995,,,,,0.9457519999999999,,,1.0,0.0,1.0,0.0,0.0,51823009.703528,51985934.248500004,,51995757.2756055,22389444.150668003,22550229.7672085,71462238.87839401,52105471.624143004,,0.0022,,63.5714,,0.0003,,61.2861,0.0,1.0,0.0
97,2022-10-24T00:48:00.000-0300,30691892.1183,290.2176651,59088832.0036,58942075.48635001,59938754.745799996,,303.66834,303.72573889999995,304.40324439999995,,,,,0.9458362,,,1.0,0.0,1.0,0.0,0.0,51827367.092322506,51989160.63635,,51994201.25445,22389982.8299525,22546473.8202585,71458025.0589555,52108291.82055,,0.0022,,63.5714,,0.0003,,61.2861,0.0,1.0,0.0
98,2022-10-24T00:48:30.000-0300,30681903.751075502,290.21974409999996,59088513.875874005,58941310.56765,59935103.631938495,,303.66750179999997,303.72485389999997,304.40294109999996,,,,,0.9458362,,,1.0,0.0,1.0,0.0,0.0,51828414.6386755,51991112.1597,,51981966.674043,22393665.423160497,22554002.091264002,71460132.017708,52105549.39087751,,0.0022,,63.5714,,0.0003,,61.2861,0.0,1.0,0.0
99,2022-10-24T00:49:00.000-0300,30670062.515399996,290.20031,59083330.472950004,58938093.98645,59929105.0022,,303.6660675,303.7241348,304.40132559999995,,,,,0.9458597000000001,,,1.0,0.0,1.0,0.0,0.0,51827880.47045,51987640.6056,,51989003.72995,22386381.0435405,22553731.329657502,71478239.8008,52108422.445128,,0.0022,,63.5714,,0.0003,,61.2861,0.0,1.0,0.0
100,2022-10-24T00:49:30.000-0300,30684875.5582915,290.16833529999997,59086292.081250004,58939971.6657255,59934708.522010006,,303.6623749,303.71991199999997,304.39525829999997,,,,,0.9457823999999999,,,1.0,0.0,1.0,0.0,0.0,51824222.59,51981948.7278735,,51994099.3633565,22395565.853864,22549795.822946,71454752.87405,52109919.72445,,0.0022,,63.5714,,0.0003,,61.2861,0.0,1.0,0.0
101,2022-10-24T00:50:00.000-0300,30654401.29535,290.15836179999997,59089884.5513445,58942365.861256495,59936426.450957,,303.66069999999996,303.71821,304.3918,,,,,0.9457874,,,1.0,0.0,1.0,0.0,0.0,51821682.66764999,51995691.86525,,51985904.82855,22383910.5522725,22544556.71825,71480671.85,52099328.54245,,0.0022,,63.5714,,0.0003,,61.2861,0.0,1.0,0.0
102,2022-10-24T00:50:30.000-0300,30700563.550496,290.15052829999996,59087194.29305,58940192.60955,59931252.65855,,303.6582016,303.71639289999996,304.3902477,,,,,0.9460149,,,1.0,0.0,1.0,0.0,0.0,51821806.623706006,51988582.044,,51994093.381299995,22387874.498269,22549116.8105,71472640.20365,52104950.891028,,0.0022,,63.5714,,0.0003,,61.2861,0.0,1.0,0.0
103,2022-10-24T00:51:00.000-0300,30669025.952495,290.17935,59091528.83235001,58942874.63025849,59939451.017950006,,303.65581,303.7127213,304.3876575,,,,,0.9459932000000001,,,1.0,0.0,1.0,0.0,0.0,51827968.7303,51989415.60925,,51990047.15751,22391284.66274,22551396.9546915,71474071.97455001,52114838.936223,,0.0022,,63.5714,,0.0003,,61.2861,0.0,1.0,0.0
104,2022-10-24T00:51:30.000-0300,30664117.8222365,290.1539673,59096579.2571,58945580.0888605,59943883.62375,,303.65317999999996,303.7106766,304.38696899999997,,,,,0.9458308409999999,,,1.0,0.0,1.0,0.0,0.0,51821084.462,51990121.68805,,51987689.638849996,22389557.907808002,22552627.5912,71456630.455259,52113303.018699996,,0.0022,,63.5714,,0.0003,,61.2861,0.0,1.0,0.0
105,2022-10-24T00:52:00.000-0300,30654695.49485,290.19786489999996,59090022.236710496,58944948.8348,59944874.0954,,303.6497387,303.70934,304.38592189999997,,,,,0.9459394,,,1.0,0.0,1.0,0.0,0.0,51829567.21425,51987293.842456006,,51989180.24965,22384952.0185025,22552980.6306,71472493.1039,52110080.4554435,,0.0022,,63.5714,,0.0003,,61.2861,0.0,1.0,0.0
106,2022-10-24T00:52:30.000-0300,30658593.245959003,290.1640076,59084830.8904,58942810.9851,59934969.3789,,303.6483826,303.70856899999995,304.3843636,,,,,0.94591156,,,1.0,0.0,1.0,0.0,0.0,51829567.21425,51987293.842456006,,51989180.24965,22384952.0185025,22552980.6306,71472493.1039,52110080.4554435,,0.0022,,63.5714,,0.0003,,61.2861,0.0,1.0,0.0
107,2022-10-24T00:53:00.000-0300,30727931.557049997,290.1984028,59089974.38025849,58941369.40755001,59936205.0168,,303.64628259999995,303.7063164,304.3820728,,,,,0.9459512,,,1.0,0.0,1.0,0.0,0.0,51819446.751449995,51987802.611458,,51987611.18565,22386725.2569555,22540955.226037502,71459803.29879999,52115009.3758,,0.0022,,63.5714,,0.0003,,61.2861,0.0,1.0,0.0
108,2022-10-24T00:53:30.000-0300,30639834.693573,290.1928238,59089052.5551585,58944089.6741935,59940215.93665,,303.64414439999996,303.70255319999995,304.37966769999997,,,,,0.94594696,,,1.0,0.0,1.0,0.0,0.0,51818089.609156504,51983732.459442,,51991968.476378,22395447.585665002,22546737.2268775,71463372.9194,52100456.3072,,0.0022,,63.5714,,0.0003,,61.2861,0.0,1.0,0.0
109,2022-10-24T00:54:00.000-0300,30623515.1531085,290.1429657,59089724.40875,58943257.6780075,59933341.475,,303.64136729999996,303.70158999999995,304.37620389999995,,,,,0.9461185999999999,,,1.0,0.0,1.0,0.0,0.0,51823467.47795001,51989340.882577,,51989072.376499996,22388570.2800865,22546645.5347,71462669.88066149,52108968.4794,,0.0022,,63.5714,,0.0003,,61.2861,0.0,1.0,0.0
110,2022-10-24T00:54:30.000-0300,30668434.6115,290.17721209999996,59092931.183299996,58945346.592524,59941941.90705,,303.63853489999997,303.698172,304.3740982,,,,,0.9457224,,,1.0,0.0,1.0,0.0,0.0,51819662.49775,51991645.249194,,51984286.731300004,22394208.613504,22547017.010602,71453870.27555001,52107448.44865,,0.0022,,63.5714,,0.0003,,61.2861,0.0,1.0,0.0
111,2022-10-24T00:55:00.000-0300,30648564.475336503,290.16566509999996,59091033.792657994,58944807.913239494,59939382.3714,,303.63849869999996,303.697924,304.374102,,,,,0.9460097000000001,,,1.0,0.0,1.0,0.0,0.0,51819662.49775,51991645.249194,,51984286.731300004,22394208.613504,22547017.010602,71453870.27555001,52117912.1442,,0.0022,,63.5714,,0.0003,,61.2861,0.0,1.0,0.0
112,2022-10-24T00:55:30.000-0300,30681864.818675,290.1142,59090375.374176994,58943624.93704999,59938754.745799996,,303.6355862,303.6942886,304.3728642,,,,,0.9458983999999999,,,1.0,0.0,1.0,0.0,0.0,51822457.393,51992181.08454999,,51991484.812400006,22391058.717524,22550491.6047635,71453428.9763,52113960.06425,,0.0022,,63.5714,,0.0003,,61.2861,0.0,1.0,0.0
113,2022-10-24T00:56:00.000-0300,30691387.7622905,290.1487011,59087209.1010915,58942395.771539,59935283.191700004,,303.6343655,303.6926388,304.37205159999996,,,,,0.945638046,,,1.0,0.0,1.0,0.0,0.0,51819639.8443885,51991622.105500005,,51983211.726327,22389801.7991935,22549460.04325,71468286.05104999,52101338.9057,,0.0022,,63.5714,,0.0003,,61.2861,0.0,1.0,0.0
114,2022-10-24T00:56:30.000-0300,30652645.905,290.1271271,59089194.84965,58942359.879200004,59940725.88244999,,303.63193359999997,303.6907581,304.3702034,,,,,0.945638046,,,1.0,0.0,1.0,0.0,0.0,51826188.038793005,51983469.05282299,,51989327.3494,22393068.3943085,22553405.062412,71469619.75545,52113616.831499994,,0.0022,,63.5714,,0.0003,,61.2861,0.0,1.0,0.0
115,2022-10-24T00:57:00.000-0300,30612600.645858,290.0994457,59088273.02455,58941892.984593496,59938575.186038494,,303.62740549999995,303.68551859999997,304.36556279999996,,,,,0.9459336,,,1.0,0.0,1.0,0.0,0.0,51819675.7367275,51993024.45644999,,51985468.236492,22389783.853024,22553966.198925,71466854.28015,52099603.12865,,0.0022,,63.5714,,0.0003,,61.2861,0.0,1.0,0.0
116,2022-10-24T00:57:30.000-0300,30666041.7889,290.11190999999997,59093519.5823,58944429.08235001,59941363.3147,,303.62555349999997,303.6846146,304.3624519,,,,,0.9459363999999999,,,1.0,0.0,1.0,0.0,0.0,51819675.7367275,51993024.45644999,,51985468.236492,22389783.853024,22553966.198925,71466854.28015,52099603.12865,,0.0022,,63.5714,,0.0003,,61.2861,0.0,1.0,0.0
117,2022-10-24T00:58:00.000-0300,30648762.4716,290.1031384,59091662.3008565,58945484.27789,59938084.363206,,303.6222252,303.6815742,304.363089,,,,,0.9459971,,,1.0,0.0,1.0,0.0,0.0,51824879.63554999,51987359.6450775,,52003131.4841395,22381938.336891003,22554029.94215,71466153.39887449,52101120.119338505,,0.0022,,63.5714,,0.0003,,61.2861,0.0,1.0,0.0
118,2022-10-24T00:58:30.000-0300,30655349.108072497,290.1249279,59093248.4284275,58944933.6344925,59939127.398499995,,303.6209015,303.67973559999996,304.3629459,,,,,0.946197052,,,1.0,0.0,1.0,0.0,0.0,51820456.8364,51991076.659627,,51985438.32620949,22385095.685925,22554029.94215,71468295.8577,52104555.486899994,,0.0022,,63.5714,,0.0003,,61.2861,0.0,1.0,0.0
119,2022-10-24T00:59:00.000-0300,30694679.8546955,290.0922989,59090165.708000004,58945669.819708,59940412.069649994,,303.61685409999995,303.6780285,304.35788379999997,,,,,0.9457571,,,1.0,0.0,1.0,0.0,0.0,51821329.62825,51981550.67595,,51992489.209493,22392216.9809555,22545543.071107,71460617.25075,52110920.00275,,0.0022,,63.5714,,0.0003,,61.2861,0.0,1.0,0.0
120,2022-10-24T00:59:30.000-0300,30641166.436643,290.13608999999997,59087361.00610001,58943317.498572506,59937656.40099999,,303.61445269999996,303.6757111,304.35652389999996,,,,,0.9459375,,,1.0,0.0,1.0,0.0,0.0,51823255.065911,51983060.90005,,51999918.5314,22390497.581011,22544955.064373,71448692.36434999,52105130.450789504,,0.0022,,63.5714,,0.0003,,61.2861,0.0,1.0,0.0
121,2022-10-24T01:00:00.000-0300,30718038.216264,290.1120171,59096961.71645,58947282.8175,59941095.1028225,,303.612347,303.67341999999996,304.3530487,,,,,0.9459941000000001,,,1.0,0.0,1.0,0.0,0.0,51820100.756938495,51980997.0905575,,51993534.40225,22390995.8568975,22551785.984497,71443789.03935,52100766.98187201,,0.0022,,63.5714,,0.0003,,61.2861,0.0,1.0,0.0
122,2022-10-24T01:00:30.000-0300,30703277.638949998,290.0708183,59098668.07355,58948665.55515,59944417.007443495,,303.61111869999996,303.67204899999996,304.35088579999996,,,,,0.9459472,,,1.0,0.0,1.0,0.0,0.0,51820100.756938495,51980997.0905575,,51993534.40225,22390995.8568975,22551785.984497,71443789.03935,52100766.98187201,,0.0022,,63.5714,,0.0003,,61.2861,0.0,1.0,0.0
123,2022-10-24T01:01:00.000-0300,30676932.760190498,290.0918468,59088881.03685,58944821.348349996,59936701.7236225,,303.60956999999996,303.67020649999995,304.3489651,,,,,0.946033859,,,1.0,0.0,1.0,0.0,0.0,51822441.015894495,51987415.05265,,51986100.96155,22390027.744409498,22548329.336505,71462005.480124,52111522.915592,,0.0022,,63.5714,,0.0003,,61.2861,0.0,1.0,0.0
124,2022-10-24T01:01:30.000-0300,30697109.2561,290.10613,59094186.434499994,58943963.9529405,59939592.724042505,,303.60548819999997,303.66721759999996,304.34351389999995,,,,,0.9460307,,,1.0,0.0,1.0,0.0,0.0,51820476.4497,51986355.93445,,51989664.109761,22384444.8185645,22554283.444052503,71469629.56210001,52106026.484400004,,0.0022,,63.5714,,0.0003,,61.2861,0.0,1.0,0.0
125,2022-10-24T01:02:00.000-0300,30650907.8724205,290.14040789999996,59096719.9825275,58948606.71525001,59946345.0929,,303.60307159999996,303.665728,304.3422855,,,,,0.9461303999999999,,,1.0,0.0,1.0,0.0,0.0,51819544.817949995,51991304.0758405,,52003292.018999994,22386779.095464002,22548926.463423498,71473866.0349,52116598.053100005,,0.0022,,63.5714,,0.0003,,61.2861,0.0,1.0,0.0
126,2022-10-24T01:02:30.000-0300,30650907.8724205,290.14040789999996,59096719.9825275,58948606.71525001,59946345.0929,,303.60307159999996,303.665728,304.3422855,,,,,0.9461303999999999,,,1.0,0.0,1.0,0.0,0.0,51819544.817949995,51991304.0758405,,52003292.018999994,22386779.095464002,22548926.463423498,71473866.0349,52116598.053100005,,0.0022,,63.5714,,0.0003,,61.2861,0.0,1.0,0.0
127,2022-10-24T01:03:00.000-0300,30650907.8724205,290.14040789999996,59096719.9825275,58948606.71525001,59946345.0929,,303.60307159999996,303.665728,304.3422855,,,,,0.9461303999999999,,,1.0,0.0,1.0,0.0,0.0,51819544.817949995,51991304.0758405,,52003292.018999994,22386779.095464002,22548926.463423498,71473866.0349,52116598.053100005,,0.0022,,63.5714,,0.0003,,61.2861,0.0,1.0,0.0
128,2022-10-24T01:03:30.000-0300,30650907.8724205,290.14040789999996,59096719.9825275,58948606.71525001,59946345.0929,,303.60307159999996,303.665728,304.3422855,,,,,0.9461303999999999,,,1.0,0.0,1.0,0.0,0.0,51819544.817949995,51991304.0758405,,52003292.018999994,22386779.095464002,22548926.463423498,71473866.0349,52116598.053100005,,0.0022,,63.5714,,0.0003,,61.2861,0.0,1.0,0.0
129,2022-10-24T01:04:00.000-0300,30650907.8724205,290.14040789999996,59096719.9825275,58948606.71525001,59946345.0929,,303.60307159999996,303.665728,304.3422855,,,,,0.9461303999999999,,,1.0,0.0,1.0,0.0,0.0,51819544.817949995,51991304.0758405,,52003292.018999994,22386779.095464002,22548926.463423498,71473866.0349,52116598.053100005,,0.0022,,63.5714,,0.0003,,61.2861,0.0,1.0,0.0
130,2022-10-24T01:04:30.000-0300,30650907.8724205,290.14040789999996,59096719.9825275,58948606.71525001,59946345.0929,,303.60307159999996,303.665728,304.3422855,,,,,0.9461303999999999,,,1.0,0.0,1.0,0.0,0.0,51819544.817949995,51991304.0758405,,52003292.018999994,22386779.095464002,22548926.463423498,71473866.0349,52116598.053100005,,0.0022,,63.5714,,0.0003,,61.2861,0.0,1.0,0.0
131,2022-10-24T01:05:00.000-0300,30650907.8724205,290.14040789999996,59096719.9825275,58948606.71525001,59946345.0929,,303.60307159999996,303.665728,304.3422855,,,,,0.9461303999999999,,,1.0,0.0,1.0,0.0,0.0,51819544.817949995,51991304.0758405,,52003292.018999994,22386779.095464002,22548926.463423498,71473866.0349,52116598.053100005,,0.0022,,63.5714,,0.0003,,61.2861,0.0,1.0,0.0
132,2022-10-24T01:05:30.000-0300,30650907.8724205,290.14040789999996,59096719.9825275,58948606.71525001,59946345.0929,,303.60307159999996,303.665728,304.3422855,,,,,0.9461303999999999,,,1.0,0.0,1.0,0.0,0.0,51819544.817949995,51991304.0758405,,52003292.018999994,22386779.095464002,22548926.463423498,71473866.0349,52116598.053100005,,0.0022,,63.5714,,0.0003,,61.2861,0.0,1.0,0.0
133,2022-10-24T01:06:00.000-0300,30650907.8724205,290.14040789999996,59096719.9825275,58948606.71525001,59946345.0929,,303.60307159999996,303.665728,304.3422855,,,,,0.9461303999999999,,,1.0,0.0,1.0,0.0,0.0,51819544.817949995,51991304.0758405,,52003292.018999994,22386779.095464002,22548926.463423498,71473866.0349,52116598.053100005,,0.0022,,63.5714,,0.0003,,61.2861,0.0,1.0,0.0
134,2022-10-24T01:06:30.000-0300,30650907.8724205,290.14040789999996,59096719.9825275,58948606.71525001,59946345.0929,,303.60307159999996,303.665728,304.3422855,,,,,0.9461303999999999,,,1.0,0.0,1.0,0.0,0.0,51819544.817949995,51991304.0758405,,52003292.018999994,22386779.095464002,22548926.463423498,71473866.0349,52116598.053100005,,0.0022,,63.5714,,0.0003,,61.2861,0.0,1.0,0.0
135,2022-10-24T01:07:00.000-0300,30650907.8724205,290.14040789999996,59096719.9825275,58948606.71525001,59946345.0929,,303.60307159999996,303.665728,304.3422855,,,,,0.9461303999999999,,,1.0,0.0,1.0,0.0,0.0,51819544.817949995,51991304.0758405,,52003292.018999994,22386779.095464002,22548926.463423498,71473866.0349,52116598.053100005,,0.0022,,63.5714,,0.0003,,61.2861,0.0,1.0,0.0
136,2022-10-24T01:07:30.000-0300,30650907.8724205,290.14040789999996,59096719.9825275,58948606.71525001,59946345.0929,,303.60307159999996,303.665728,304.3422855,,,,,0.9461303999999999,,,1.0,0.0,1.0,0.0,0.0,51819544.817949995,51991304.0758405,,52003292.018999994,22386779.095464002,22548926.463423498,71473866.0349,52116598.053100005,,0.0022,,63.5714,,0.0003,,61.2861,0.0,1.0,0.0
137,2022-10-24T01:08:00.000-0300,30650907.8724205,290.14040789999996,59096719.9825275,58948606.71525001,59946345.0929,,303.60307159999996,303.665728,304.3422855,,,,,0.9461303999999999,,,1.0,0.0,1.0,0.0,0.0,51819544.817949995,51991304.0758405,,52003292.018999994,22386779.095464002,22548926.463423498,71473866.0349,52116598.053100005,,0.0022,,63.5714,,0.0003,,61.2861,0.0,1.0,0.0
138,2022-10-24T01:08:30.000-0300,30650907.8724205,290.14040789999996,59096719.9825275,58948606.71525001,59946345.0929,,303.60307159999996,303.665728,304.3422855,,,,,0.9461303999999999,,,1.0,0.0,1.0,0.0,0.0,51819544.817949995,51991304.0758405,,52003292.018999994,22386779.095464002,22548926.463423498,71473866.0349,52116598.053100005,,0.0022,,63.5714,,0.0003,,61.2861,0.0,1.0,0.0
139,2022-10-24T01:09:00.000-0300,30650907.8724205,290.14040789999996,59096719.9825275,58948606.71525001,59946345.0929,,303.60307159999996,303.665728,304.3422855,,,,,0.9461303999999999,,,1.0,0.0,1.0,0.0,0.0,51819544.817949995,51991304.0758405,,52003292.018999994,22386779.095464002,22548926.463423498,71473866.0349,52116598.053100005,,0.0022,,63.5714,,0.0003,,61.2861,0.0,1.0,0.0
140,2022-10-24T01:09:30.000-0300,30650907.8724205,290.14040789999996,59096719.9825275,58948606.71525001,59946345.0929,,303.60307159999996,303.665728,304.3422855,,,,,0.9461303999999999,,,1.0,0.0,1.0,0.0,0.0,51819544.817949995,51991304.0758405,,52003292.018999994,22386779.095464002,22548926.463423498,71473866.0349,52116598.053100005,,0.0022,,63.5714,,0.0003,,61.2861,0.0,1.0,0.0
141,2022-10-24T01:10:00.000-0300,30650907.8724205,290.14040789999996,59096719.9825275,58948606.71525001,59946345.0929,,303.60307159999996,303.665728,304.3422855,,,,,0.9461303999999999,,,1.0,0.0,1.0,0.0,0.0,51819544.817949995,51991304.0758405,,52003292.018999994,22386779.095464002,22548926.463423498,71473866.0349,52116598.053100005,,0.0022,,63.5714,,0.0003,,61.2861,0.0,1.0,0.0
142,2022-10-24T01:10:30.000-0300,30650907.8724205,290.14040789999996,59096719.9825275,58948606.71525001,59946345.0929,,303.60307159999996,303.665728,304.3422855,,,,,0.9461303999999999,,,1.0,0.0,1.0,0.0,0.0,51819544.817949995,51991304.0758405,,52003292.018999994,22386779.095464002,22548926.463423498,71473866.0349,52116598.053100005,,0.0022,,63.5714,,0.0003,,61.2861,0.0,1.0,0.0
143,2022-10-24T01:11:00.000-0300,30650907.8724205,290.14040789999996,59096719.9825275,58948606.71525001,59946345.0929,,303.60307159999996,303.665728,304.3422855,,,,,0.9461303999999999,,,1.0,0.0,1.0,0.0,0.0,51819544.817949995,51991304.0758405,,52003292.018999994,22386779.095464002,22548926.463423498,71473866.0349,52116598.053100005,,0.0022,,63.5714,,0.0003,,61.2861,0.0,1.0,0.0
144,2022-10-24T01:11:30.000-0300,30650907.8724205,290.14040789999996,59096719.9825275,58948606.71525001,59946345.0929,,303.60307159999996,303.665728,304.3422855,,,,,0.9461303999999999,,,1.0,0.0,1.0,0.0,0.0,51819544.817949995,51991304.0758405,,52003292.018999994,22386779.095464002,22548926.463423498,71473866.0349,52116598.053100005,,0.0022,,63.5714,,0.0003,,61.2861,0.0,1.0,0.0
145,2022-10-24T01:12:00.000-0300,30650907.8724205,290.14040789999996,59096719.9825275,58948606.71525001,59946345.0929,,303.60307159999996,303.665728,304.3422855,,,,,0.9461303999999999,,,1.0,0.0,1.0,0.0,0.0,51819544.817949995,51991304.0758405,,52003292.018999994,22386779.095464002,22548926.463423498,71473866.0349,52116598.053100005,,0.0022,,63.5714,,0.0003,,61.2861,0.0,1.0,0.0
146,2022-10-24T01:12:30.000-0300,30680830.2171,290.02488999999997,59101296.25574999,58952862.80135,59949238.05465,,303.55643,303.6160835,304.30221409999996,,,,,0.945838547,,,1.0,0.0,1.0,0.0,0.0,51826860.57885,51985947.095211506,,51991376.93925,22388869.5790445,22551242.7941535,71468276.2444,52102054.791149996,,0.0022,,63.5714,,0.0003,,61.2861,0.0,1.0,0.0
147,2022-10-24T01:13:00.000-0300,30671298.1533,289.9968437,59100203.598807,58953765.01315001,59948473.13595,,303.5548576,303.61386999999996,304.301722,,,,,0.9459945000000001,,,1.0,0.0,1.0,0.0,0.0,51823653.8043,51987784.6652885,,51992136.0720265,22392453.419287,22554373.1749,71457636.02915001,52109021.043044,,0.0022,,63.5714,,0.0003,,61.2861,0.0,1.0,0.0
148,2022-10-24T01:13:30.000-0300,30669729.0893,289.99843439999995,59096785.19675,58951774.2632,59944877.919993505,,303.5531868,303.6123489,304.30147209999996,,,,,0.9459926,,,1.0,0.0,1.0,0.0,0.0,51823653.8043,51987784.6652885,,51992136.0720265,22392453.419287,22554373.1749,71457636.02915001,52109021.043044,,0.0022,,63.5714,,0.0003,,61.2861,0.0,1.0,0.0
149,2022-10-24T01:14:00.000-0300,30684247.050093003,290.01239999999996,59099913.51809999,58953686.55995,59950552.14575,,303.55127369999997,303.6108822,304.3013519,,,,,0.9458877,,,1.0,0.0,1.0,0.0,0.0,51820809.8758,51988719.3371,,51990670.86045,22391429.899226498,22548600.196178,71452111.4528725,52106944.0926405,,0.0022,,63.5714,,0.0003,,61.2861,0.0,1.0,0.0
150,2022-10-24T01:14:30.000-0300,30675379.582963504,289.9886631,59103492.94535,58954055.584189504,59952160.43635,,303.54910509999996,303.60780179999995,304.2972054,,,,,0.9458692999999999,,,1.0,0.0,1.0,0.0,0.0,51823457.671299994,51990690.47375,,51991818.2385,22393484.392401498,22548165.56545,71473915.06815,52110557.15670001,,0.0022,,63.5714,,0.0003,,61.2861,0.0,1.0,0.0
151,2022-10-24T01:15:00.000-0300,30670950.311424498,290.0419945,59099658.545200005,58953392.36045,59949532.25415,,303.5467781,303.60402719999996,304.2925133,,,,,0.945945358,,,1.0,0.0,1.0,0.0,0.0,51821992.165524006,51986728.58715001,,51993181.36285,22386879.4174935,22549930.762450002,71471031.91305,52109135.19245,,0.0022,,63.5714,,0.0003,,61.2861,0.0,1.0,0.0
152,2022-10-24T01:15:30.000-0300,30693225.822699998,290.0169186,59096844.036649995,58951597.7435,59944854.482099995,,303.54690209999995,303.6028255,304.2897076,,,,,0.9460354,,,1.0,0.0,1.0,0.0,0.0,51821992.165524006,51986728.58715001,,51993181.36285,22386879.4174935,22549930.762450002,71471031.91305,52109135.19245,,0.0022,,63.5714,,0.0003,,61.2861,0.0,1.0,0.0
153,2022-10-24T01:16:00.000-0300,30655693.223421,290.03045499999996,59106213.0158605,58956605.3131895,59955939.13472801,,303.54262,303.5991653,304.28347429999997,,,,,0.9460014999999999,,,1.0,0.0,1.0,0.0,0.0,51821780.73415,51992406.637499996,,51988787.98365,22381712.391675,22553586.093171,71471205.1965555,52103123.716,,0.0022,,63.5714,,0.0003,,61.2861,0.0,1.0,0.0
154,2022-10-24T01:16:30.000-0300,30658826.644229,289.9967274,59101374.70895,58956006.81333999,59951803.1800905,,303.5406269,303.59796,304.28309859999996,,,,,0.9459436,,,1.0,0.0,1.0,0.0,0.0,51821780.73415,51992406.637499996,,51988787.98365,22381712.391675,22553586.093171,71471205.1965555,52103123.716,,0.0022,,63.5714,,0.0003,,61.2861,0.0,1.0,0.0
155,2022-10-24T01:17:00.000-0300,30652636.098350003,289.99177399999996,59098916.67212751,58953598.3001,59950606.082325004,,303.5386585,303.5961575,304.28054849999995,,,,,0.9459282,,,1.0,0.0,1.0,0.0,0.0,51815720.22445,51988385.911,,51998604.4403,22389765.9068545,22549650.684526,71464294.7445,52109596.105,,0.0022,,63.5714,,0.0003,,61.2861,0.0,1.0,0.0
156,2022-10-24T01:17:30.000-0300,30677315.906006,289.96744579999995,59105454.27535,58956252.175723,59953739.307,,303.53516429999996,303.5926937,304.2788147,,,,,0.945909653,,,1.0,0.0,1.0,0.0,0.0,51822698.44045701,51988346.6844,,51989288.1228,22390633.7953795,22543958.5126,71464530.1041,52107464.8257555,,0.0022,,63.5714,,0.0003,,61.2861,0.0,1.0,0.0
157,2022-10-24T01:18:00.000-0300,30696233.031922497,289.948111,59098226.774299994,58953568.88015,59945864.567049995,,303.531979,303.5901646,304.27728879999995,,,,,0.9457851410000001,,,1.0,0.0,1.0,0.0,0.0,51822698.44045701,51988346.6844,,51989288.1228,22390633.7953795,22543958.5126,71464530.1041,52107464.8257555,,0.0022,,63.5714,,0.0003,,61.2861,0.0,1.0,0.0
158,2022-10-24T01:18:30.000-0300,30700958.6604245,289.9942154,59097187.2694,58952445.430326,59948708.49555,,303.53121799999997,303.58885999999995,304.2775787,,,,,0.9458079530000001,,,1.0,0.0,1.0,0.0,0.0,51826595.7993,51992243.84711,,51993333.169792,22384806.38975,22553740.253709,71475383.02558851,52100755.017759,,0.0022,,63.5714,,0.0003,,61.2861,0.0,1.0,0.0
159,2022-10-24T01:19:00.000-0300,30683283.448664,289.99416579999996,59093847.026343495,58950661.796824,59944668.15575,,303.5275368,303.58513,304.2771381,,,,,0.9458308409999999,,,1.0,0.0,1.0,0.0,0.0,51818456.279800005,51988850.0597445,,51977324.0098,22389005.695346497,22551604.953738,71458293.0747,52102610.5340055,,0.0022,,63.5714,,0.0003,,61.2861,0.0,1.0,0.0
160,2022-10-24T01:19:30.000-0300,30654301.659786,289.96816479999995,59092877.3447915,58949224.5342,59942873.5388,,303.5248665,303.58281359999995,304.2753376,,,,,0.9456247000000001,,,1.0,0.0,1.0,0.0,0.0,51815896.74415,51989464.6425,,51989660.77550001,22389077.578091003,22543759.437605,71468086.6818555,52105085.046,,0.0022,,63.5714,,0.0003,,61.2861,0.0,1.0,0.0
161,2022-10-24T01:20:00.000-0300,30673021.279771496,289.98231999999996,59094457.490306005,58949141.471874505,59942481.2728,,303.52354849999995,303.5814461,304.27435529999997,,,,,0.9460850999999999,,,1.0,0.0,1.0,0.0,0.0,51815896.74415,51989464.6425,,51989660.77550001,22389077.578091003,22543759.437605,71468086.6818555,52105085.046,,0.0022,,63.5714,,0.0003,,61.2861,0.0,1.0,0.0
162,2022-10-24T01:20:30.000-0300,30682493.326873504,289.96243899999996,59102322.423606,58953176.614149995,59950826.73195,,303.5220531,303.5775761,304.27268449999997,,,,,0.9458404,,,1.0,0.0,1.0,0.0,0.0,51817024.5089,51987199.30635,,51992854.311072506,22389140.92905,22552953.17198,71446969.8262775,52103800.37485,,0.0022,,63.5714,,0.0003,,61.2861,0.0,1.0,0.0
163,2022-10-24T01:21:00.000-0300,30700033.8933295,289.9928516,59106608.125788994,58957281.67784,59954327.706,,303.5203461,303.5759243,304.2698349,,,,,0.9458979,,,1.0,0.0,1.0,0.0,0.0,51826105.4668,51985192.865760006,,51991857.4651,22385236.313286,22547450.954864502,71462466.29460749,52109511.8658765,,0.0022,,63.5714,,0.0003,,61.2861,0.0,1.0,0.0
164,2022-10-24T01:21:30.000-0300,30662426.959643498,289.95876,59106562.4268,58958786.017950006,59958691.66525,,303.51824419999997,303.57446139999996,304.26685999999995,,,,,0.94607254,,,1.0,0.0,1.0,0.0,0.0,51826105.4668,51985192.865760006,,51991857.4651,22385236.313286,22547450.954864502,71462466.29460749,52109511.8658765,,0.0022,,63.5714,,0.0003,,61.2861,0.0,1.0,0.0
165,2022-10-24T01:22:00.000-0300,30715239.986752998,289.93932379999995,59103679.2717,58957756.3197,59949090.954900004,,303.5165733,303.57478,304.2637218,,,,,0.94591835,,,1.0,0.0,1.0,0.0,0.0,51820407.803150006,51991256.2193885,,51987875.96519999,22394222.048614502,22548673.54992,71469050.96975,52111410.335250005,,0.0022,,63.5714,,0.0003,,61.2861,0.0,1.0,0.0
166,2022-10-24T01:22:30.000-0300,30703966.3599795,289.958979,59100173.6885245,58954500.5119,59948257.38965,,303.51331999999996,303.57110439999997,304.25932539999997,,,,,0.945763855,,,1.0,0.0,1.0,0.0,0.0,51828586.54925,51988125.838642,,51994721.006900005,22384811.3911415,22549442.6854795,71472557.9258565,52099887.5215,,0.0022,,63.5714,,0.0003,,61.2861,0.0,1.0,0.0
167,2022-10-24T01:23:00.000-0300,30663845.099299997,289.92864269999995,59099550.67205,58953274.68065,59948659.4623,,303.5121941,303.56955999999997,304.257542,,,,,0.945813446,,,1.0,0.0,1.0,0.0,0.0,51828586.54925,51988125.838642,,51994721.006900005,22384811.3911415,22549442.6854795,71472557.9258565,52099887.5215,,0.0022,,63.5714,,0.0003,,61.2861,0.0,1.0,0.0
168,2022-10-24T01:23:30.000-0300,30638502.852436498,289.961554,59096157.571150005,58951695.81,59946410.209056005,,303.51077,303.56730689999995,304.25295869999997,,,,,0.9459618000000001,,,1.0,0.0,1.0,0.0,0.0,51826630.907106996,51988886.05015,,51987635.0158095,22387796.633468,22550844.74223,71465834.38855,52103388.49555,,0.0022,,63.5714,,0.0003,,61.2861,0.0,1.0,0.0
169,2022-10-24T01:24:00.000-0300,30693063.7187755,289.9751839,59089268.105325505,58947390.69065,59938686.09925,,303.50737419999996,303.56255,304.24703,,,,,0.9459650000000001,,,1.0,0.0,1.0,0.0,0.0,51820564.70954999,51987287.566199996,,51995068.946842,22388887.525213998,22554645.603637002,71470669.067,52110798.694489494,,0.0022,,63.5714,,0.0003,,61.2861,0.0,1.0,0.0
170,2022-10-24T01:24:30.000-0300,30678608.716675498,289.97019,59099697.7718,58950601.8781925,59947110.011599995,,303.5055374,303.56065789999997,304.24440419999996,,,,,0.9459938,,,1.0,0.0,1.0,0.0,0.0,51831209.828125,51990298.20775,,51996529.4512265,22389692.5531125,22555903.0123,71472130.25785,52107350.382149994,,0.0022,,63.5714,,0.0003,,61.2861,0.0,1.0,0.0
171,2022-10-24T01:25:00.000-0300,30658912.354349997,290.0099949,59099325.1191,58951636.9701,59946501.9993,,303.504187,303.5596546,304.2438873,,,,,0.9459733,,,1.0,0.0,1.0,0.0,0.0,51831209.828125,51990298.20775,,51996529.4512265,22389692.5531125,22555903.0123,71472130.25785,52107350.382149994,,0.0022,,63.5714,,0.0003,,61.2861,0.0,1.0,0.0
172,2022-10-24T01:25:30.000-0300,30667198.973599996,289.9442772,59100962.82965,58953875.9263615,59950748.27875,,303.5019154,303.5578064,304.243523,,,,,0.945900345,,,1.0,0.0,1.0,0.0,0.0,51827419.557900004,51987186.0673725,,51986419.971874505,22387195.093557,22544356.466457002,71462328.707308,52112139.4596775,,0.0022,,63.5714,,0.0003,,61.2861,0.0,1.0,0.0
173,2022-10-24T01:26:00.000-0300,30694284.940899998,289.97758,59107690.191549994,58958436.90121,59958230.7527,,303.499741,303.556723,304.24221,,,,,0.9458900450000001,,,1.0,0.0,1.0,0.0,0.0,51821303.836760506,51982888.499143004,,51990347.241,22388755.8219045,22553152.1489085,71460254.4047,52112449.84015,,0.0022,,63.5714,,0.0003,,61.2861,0.0,1.0,0.0
174,2022-10-24T01:26:30.000-0300,30666326.18175,289.91686,59107565.745161496,58960551.21495,59956887.24164999,,303.49615,303.55613999999997,304.24083179999997,,,,,0.94603096,,,1.0,0.0,1.0,0.0,0.0,51824369.68975,51991602.492199995,,51991180.80625,22390474.63345,22546274.84333,71452787.817523,52108291.82055,,0.0022,,63.5714,,0.0003,,61.2861,0.0,1.0,0.0
175,2022-10-24T01:27:00.000-0300,30692360.483904004,289.9458813,59104267.6707,58958060.325849995,59952346.7627,,303.4950985,303.55336609999995,304.239447,,,,,0.946082458,,,1.0,0.0,1.0,0.0,0.0,51828013.5466905,51986424.581,,51989719.6154,22381662.966159,22544022.844224,71471851.6509235,52111858.106888995,,0.0022,,63.5714,,0.0003,,61.2861,0.0,1.0,0.0
176,2022-10-24T01:27:30.000-0300,30693494.721042998,289.9297565,59102214.746589,58957315.02045,59953125.99910901,,303.4932751,303.5510773,304.237534,,,,,0.9458289000000001,,,1.0,0.0,1.0,0.0,0.0,51823745.888743505,51984193.37199199,,51989523.48239999,22391814.417973,22552816.957611497,71444593.18465,52107668.313742995,,0.0022,,63.5714,,0.0003,,61.2861,0.0,1.0,0.0
177,2022-10-24T01:28:00.000-0300,30687278.7759405,289.96531,59102129.820999995,58956671.2138775,59950797.312,,303.4916939,303.54997099999997,304.23701,,,,,0.9457433000000001,,,1.0,0.0,1.0,0.0,0.0,51823745.888743505,51984193.37199199,,51989523.48239999,22391814.417973,22552816.957611497,71444593.18465,52107668.313742995,,0.0022,,63.5714,,0.0003,,61.2861,0.0,1.0,0.0
178,2022-10-24T01:28:30.000-0300,30667251.2430445,289.96242559999996,59098285.6142,58953696.3666,59947296.33795,,303.48739659999995,303.54537,304.23554459999997,,,,,0.9459256,,,1.0,0.0,1.0,0.0,0.0,51820250.896749996,51988160.35805,,51989137.3945895,22389842.2025915,22547450.954864502,71451315.3490255,52109458.811900005,,0.0022,,63.5714,,0.0003,,61.2861,0.0,1.0,0.0
179,2022-10-24T01:29:00.000-0300,30676079.87584,289.9410881,59101914.0747,58956432.421950005,59954167.465339,,303.48532709999995,303.5421967,304.2342228,,,,,0.94568,,,1.0,0.0,1.0,0.0,0.0,51821483.39652199,51986228.448,,51984129.8249,22386231.3940615,22557639.8680815,71487934.65499,52113048.0458,,0.0022,,63.5714,,0.0003,,61.2861,0.0,1.0,0.0
180,2022-10-24T01:29:30.000-0300,30679251.346449997,289.93907779999995,59104346.1239,58956928.5403735,59955765.557022996,,303.4841427,303.54064999999997,304.2326321,,,,,0.9459442,,,1.0,0.0,1.0,0.0,0.0,51821483.39652199,51986228.448,,51984129.8249,22386231.3940615,22557639.8680815,71487934.65499,52113048.0458,,0.0022,,63.5714,,0.0003,,61.2861,0.0,1.0,0.0
181,2022-10-24T01:30:00.000-0300,30624257.418447,289.8676685,59100099.84445,58956795.268,59948120.09655,,303.48141519999996,303.5370144,304.2325825,,,,,0.9459559,,,1.0,0.0,1.0,0.0,0.0,51830077.16005,51983289.493061505,,51987091.4332,22387579.71037,22545189.9336405,71469164.138491,52113767.5597105,,0.0022,,63.5714,,0.0003,,61.2861,0.0,1.0,0.0
182,2022-10-24T01:30:30.000-0300,30651575.214952998,289.9291176,59100099.84445,58955647.88995,59950395.23935,,303.48020399999996,303.53650999999996,304.2305111,,,,,0.946,,,1.0,0.0,1.0,0.0,0.0,51830077.16005,51983289.493061505,,51987091.4332,22387579.71037,22545189.9336405,71469164.138491,52113767.5597105,,0.0022,,63.5714,,0.0003,,61.2861,0.0,1.0,0.0
183,2022-10-24T01:31:00.000-0300,30673887.108900003,289.889296,59106660.4933,58956563.438793994,59952925.35505,,303.47624629999996,303.5346436,304.2260689,,,,,0.9460099,,,1.0,0.0,1.0,0.0,0.0,51824310.84985001,51987630.79895,,51997971.911375,22388077.9862565,22556092.5748445,71482434.0069385,52109493.919707,,0.0022,,63.5714,,0.0003,,61.2861,0.0,1.0,0.0
184,2022-10-24T01:31:30.000-0300,30651784.684997,289.93394129999996,59110985.22595,58961693.0032095,59960064.59625,,303.4728035,303.53155,304.22478329999996,,,,,0.9458681489999999,,,1.0,0.0,1.0,0.0,0.0,51823898.97054999,51986669.74725,,51995211.33940001,22386032.221,22551334.094065,71474215.8381055,52110433.59291001,,0.0022,,63.5714,,0.0003,,61.2861,0.0,1.0,0.0
185,2022-10-24T01:32:00.000-0300,30664204.611089,289.8849854,59105081.622650005,58959452.87015,59954628.279822506,,303.47181,303.52988,304.22301899999997,,,,,0.9460206999999999,,,1.0,0.0,1.0,0.0,0.0,51822225.563793994,51984253.192557,,51989984.39495,22389046.0987445,22552537.173887,71468888.767759,52106082.0881055,,0.0022,,63.5714,,0.0003,,61.2861,0.0,1.0,0.0
186,2022-10-24T01:32:30.000-0300,30687168.058862,289.89121279999995,59099736.998399995,58956359.9508065,59948702.7096265,,303.47173999999995,303.52841609999996,304.220261,,,,,0.9458620000000001,,,1.0,0.0,1.0,0.0,0.0,51822225.563793994,51984253.192557,,51989984.39495,22389046.0987445,22552537.173887,71468888.767759,52106082.0881055,,0.0022,,63.5714,,0.0003,,61.2861,0.0,1.0,0.0
187,2022-10-24T01:33:00.000-0300,30697244.58787,289.89666789999995,59103953.85789999,58956981.594349995,59949698.967199996,,303.4704918,303.52596509999995,304.21636429999995,,,,,0.9458964000000001,,,1.0,0.0,1.0,0.0,0.0,51824379.4964,51991445.5858,,51994877.9133,22393565.1991975,22551857.8672415,71472545.9617435,52106291.263950005,,0.0022,,63.5714,,0.0003,,61.2861,0.0,1.0,0.0
188,2022-10-24T01:33:30.000-0300,30694087.238836,289.9170689,59107719.6115,58959403.8369,59958122.879549995,,303.4674038,303.5219826,304.2140945,,,,,0.9459807000000001,,,1.0,0.0,1.0,0.0,0.0,51822173.00015,51988263.4259415,,51995005.39975,22398072.237471,22547542.254776,71460012.27851151,52111337.373774,,0.0022,,63.5714,,0.0003,,61.2861,0.0,1.0,0.0
189,2022-10-24T01:34:00.000-0300,30681864.818675,289.9352631,59106655.982241,58960094.911525495,59955357.40425,,303.4664368,303.52099999999996,304.21180569999996,,,,,0.946155548,,,1.0,0.0,1.0,0.0,0.0,51822173.00015,51988263.4259415,,51995005.39975,22398072.237471,22547542.254776,71460012.27851151,52111337.373774,,0.0022,,63.5714,,0.0003,,61.2861,0.0,1.0,0.0
190,2022-10-24T01:34:30.000-0300,30678927.727,289.90916669999996,59106160.35415,58958432.97855,59954190.4129,,303.464043,303.52049869999996,304.2078022,,,,,0.9458991,,,1.0,0.0,1.0,0.0,0.0,51821359.0482,51981795.842199996,,51986571.68075,22388670.209850002,22553297.385394998,71457940.0353,52103476.755399995,,0.0022,,63.5714,,0.0003,,61.2861,0.0,1.0,0.0
191,2022-10-24T01:35:00.000-0300,30687661.823689498,289.8976768,59104875.683,58958501.625099994,59954664.270228,,303.46002,303.51842999999997,304.20805399999995,,,,,0.9461588999999999,,,1.0,0.0,1.0,0.0,0.0,51823624.384349994,51988586.653125495,,51988385.911,22391646.8223245,22551750.092158,71467629.0055,52105604.79845,,0.0022,,63.5714,,0.0003,,61.2861,0.0,1.0,0.0
192,2022-10-24T01:35:30.000-0300,30670309.839112997,289.90281,59104571.67685,58959698.0364,59953386.26760001,,303.4594883,303.51710169999996,304.2082867,,,,,0.9458718,,,1.0,0.0,1.0,0.0,0.0,51823624.384349994,51988586.653125495,,51988385.911,22391646.8223245,22551750.092158,71467629.0055,52105604.79845,,0.0022,,63.5714,,0.0003,,61.2861,0.0,1.0,0.0
193,2022-10-24T01:36:00.000-0300,30687528.15905,289.94856,59106566.153327,58959354.80365001,59953405.8809,,303.45654529999996,303.51481479999995,304.20484,,,,,0.9458982,,,1.0,0.0,1.0,0.0,0.0,51818658.1987235,51987012.98,,51998049.776176,22392543.8366,22551061.763394497,71476003.8846,52115593.067608,,0.0022,,63.5714,,0.0003,,61.2861,0.0,1.0,0.0
194,2022-10-24T01:36:30.000-0300,30693075.682888497,289.89000169999997,59103855.7914,58958629.111549996,59953749.11365,,303.45464999999996,303.51437,304.2025112,,,,,0.945897,,,1.0,0.0,1.0,0.0,0.0,51823428.25135,51991106.5699095,,51995362.263743505,22380272.8735215,22551233.870102,71465171.7532095,52105854.671892,,0.0022,,63.5714,,0.0003,,61.2861,0.0,1.0,0.0
195,2022-10-24T01:37:00.000-0300,30664180.682862997,289.8660625,59100125.734005995,58954323.992199995,59946290.4698595,,303.45305479999996,303.51075,304.19869459999995,,,,,0.9459512999999999,,,1.0,0.0,1.0,0.0,0.0,51823300.7649,51984414.21775,,51993488.8013275,22392281.3125795,22551325.071947,71476994.35625,52106026.484400004,,0.0022,,63.5714,,0.0003,,61.2861,0.0,1.0,0.0
196,2022-10-24T01:37:30.000-0300,30670369.659678,289.86750639999997,59103895.018,58955348.39485899,59951898.8929945,,303.4510426,303.50896489999997,304.19798,,,,,0.9460326000000001,,,1.0,0.0,1.0,0.0,0.0,51823300.7649,51984414.21775,,51993488.8013275,22393801.637529,22554581.272012997,71467521.13235,52106026.484400004,,0.0022,,63.5714,,0.0003,,61.2861,0.0,1.0,0.0
197,2022-10-24T01:38:00.000-0300,30700070.864400003,289.8899254,59099178.01935,58956805.07465,59950546.163693495,,303.4494633,303.50593219999996,304.1958527,,,,,0.9458987430000001,,,1.0,0.0,1.0,0.0,0.0,51819505.59135,51985826.37535,,52000222.537549995,22391684.2837275,22554726.2143,71478782.79501049,52099127.0157925,,0.0022,,63.5714,,0.0003,,61.2861,0.0,1.0,0.0
198,2022-10-24T01:38:30.000-0300,30693916.7011925,289.86480179999995,59102884.93305,58956850.77363901,59953048.134308,,303.4478172,303.50368,304.1928867,,,,,0.945923538,,,1.0,0.0,1.0,0.0,0.0,51821549.1991435,51985826.37535,,51995942.915489994,22390009.79824,22549659.6085775,71468433.1508,52111229.696757,,0.0022,,63.5714,,0.0003,,61.2861,0.0,1.0,0.0
199,2022-10-24T01:39:00.000-0300,30659506.048940998,289.88461529999995,59100747.08335,58955255.62395,59947384.597799994,,303.44578779999995,303.50126689999996,304.19099659999995,,,,,0.9459854,,,1.0,0.0,1.0,0.0,0.0,51816461.5091235,51988209.3913,,51988209.3913,22388426.612664,22545813.93078,71468433.1508,52111229.696757,,0.0022,,63.5714,,0.0003,,61.2861,0.0,1.0,0.0
200,2022-10-24T01:39:30.000-0300,30667113.557678502,289.8836578,59098511.167150006,58954336.838911496,59948159.32315,,303.44472349999995,303.5002216,304.1914162,,,,,0.9458513000000001,,,1.0,0.0,1.0,0.0,0.0,51816461.5091235,51988209.3913,,51988209.3913,22388426.612664,22545813.93078,71485712.4681,52109429.39195,,0.0022,,63.5714,,0.0003,,61.2861,0.0,1.0,0.0
201,2022-10-24T01:40:00.000-0300,30663972.58575,289.82613,59096265.444299996,58952039.04275,59945368.742826,,303.4415649,303.49715,304.1870884,,,,,0.9458572,,,1.0,0.0,1.0,0.0,0.0,51824261.8166,51988542.81739999,,51982750.813777,22390425.6002,22549623.716238502,71459120.4617605,52107111.688288994,,0.0022,,63.5714,,0.0003,,61.2861,0.0,1.0,0.0
202,2022-10-24T01:40:30.000-0300,30696505.362593003,289.8889774,59104692.690911,58955402.7237,59953651.04714999,,303.43912159999996,303.493998,304.18810499999995,,,,,0.9459479000000001,,,1.0,0.0,1.0,0.0,0.0,51826017.20695,51981246.6698,,51992980.0323255,22393855.476037502,22548528.4115,71479566.9347445,52110802.32295,,0.0022,,63.5714,,0.0003,,61.2861,0.0,1.0,0.0
203,2022-10-24T01:41:00.000-0300,30692039.21805,289.85918849999996,59105670.02165,58958760.128394,59956083.09635,,303.43777309999996,303.49214589999997,304.1870388,,,,,0.9460412599999999,,,1.0,0.0,1.0,0.0,0.0,51826017.20695,51981246.6698,,51992980.0323255,22393855.476037502,22548528.4115,71479566.9347445,52110802.32295,,0.0022,,63.5714,,0.0003,,61.2861,0.0,1.0,0.0
204,2022-10-24T01:41:30.000-0300,30633852.1467405,289.82014879999997,59105238.52905,58959099.83075,59951575.763877004,,303.4351963,303.4905781,304.1840519,,,,,0.9457976530000001,,,1.0,0.0,1.0,0.0,0.0,51821604.21445,51990861.2075265,,51999761.625,22387955.305065,22548284.5201145,71460862.417,52107961.6306445,,0.0022,,63.5714,,0.0003,,61.2861,0.0,1.0,0.0
205,2022-10-24T01:42:00.000-0300,30689894.405628502,289.8272785,59102953.57960001,58958246.652200006,59953199.94125,,303.4334988,303.48981319999996,304.1838745,,,,,0.9461138,,,1.0,0.0,1.0,0.0,0.0,51821604.21445,51990861.2075265,,51999761.625,22387955.305065,22548284.5201145,71460862.417,52107961.6306445,,0.0022,,63.5714,,0.0003,,61.2861,0.0,1.0,0.0
206,2022-10-24T01:42:30.000-0300,30701733.778040502,289.8797649,59108278.590550005,58959819.5407935,59955214.9136255,,303.43068999999997,303.48846469999995,304.1819443,,,,,0.9458649440000001,,,1.0,0.0,1.0,0.0,0.0,51824206.8012935,51989621.5489,,52000859.9698,22394633.633715,22548175.3721,71472816.72335,52109954.7341905,,0.0022,,63.5714,,0.0003,,61.2861,0.0,1.0,0.0
207,2022-10-24T01:43:00.000-0300,30699860.315624498,289.89174119999996,59103806.758150004,58957520.960099995,59950542.339099996,,303.4285625,303.4869637,304.1801819,,,,,0.9460456,,,1.0,0.0,1.0,0.0,0.0,51824206.8012935,51988036.00972801,,51997594.355349995,22391982.013621498,22556834.644050002,71465049.85655,52104519.88876049,,0.0022,,63.5714,,0.0003,,61.2861,0.0,1.0,0.0
208,2022-10-24T01:43:30.000-0300,30677746.810207002,289.849049,59108337.43045,58959663.90925801,59952126.4072745,,303.4264664,303.48509249999995,304.17983999999996,,,,,0.9457346,,,1.0,0.0,1.0,0.0,0.0,51823359.6048,51984924.163550004,,51987571.95905001,22392190.012668,22551839.8230055,71488938.85595,52107301.3489,,0.0022,,63.5714,,0.0003,,61.2861,0.0,1.0,0.0
209,2022-10-24T01:44:00.000-0300,30652155.5725,289.86021,59109396.548650004,58960986.7282765,59959931.5200095,,303.4233078,303.48373,304.17726999999996,,,,,0.9461806,,,1.0,0.0,1.0,0.0,0.0,51821564.98785,51997385.3756385,,51984678.9973,22388272.452126,22558328.196845002,71464968.265222,52104428.00045001,,0.0022,,63.5714,,0.0003,,61.2861,0.0,1.0,0.0
210,2022-10-24T01:44:30.000-0300,30683566.272449996,289.84731899999997,59104860.28655951,58960188.36889999,59955089.1923725,,303.4218582,303.4826569,304.17513499999995,,,,,0.946196442,,,1.0,0.0,1.0,0.0,0.0,51821564.98785,51997385.3756385,,51984678.9973,22388272.452126,22558328.196845002,71464968.265222,52104428.00045001,,0.0022,,63.5714,,0.0003,,61.2861,0.0,1.0,0.0
211,2022-10-24T01:45:00.000-0300,30675662.11255,289.8324646,59108655.16591,58961669.17305,59956524.3956,,303.4194,303.4791454,304.1719212,,,,,0.946052551,,,1.0,0.0,1.0,0.0,0.0,51818103.2404,51987130.65980001,,51997068.130511,22387530.284854,22557585.9315065,71477043.3895,52109890.304500006,,0.0022,,63.5714,,0.0003,,61.2861,0.0,1.0,0.0
212,2022-10-24T01:45:30.000-0300,30710616.2493445,289.8310112,59103615.332342006,58959590.16325,59950512.91915,,303.4191345,303.47751999999997,304.169495,,,,,0.9459440610000001,,,1.0,0.0,1.0,0.0,0.0,51818103.2404,51987130.65980001,,51997068.130511,22387530.284854,22557585.9315065,71477043.3895,52109890.304500006,,0.0022,,63.5714,,0.0003,,61.2861,0.0,1.0,0.0
213,2022-10-24T01:46:00.000-0300,30665659.329549998,289.8596786,59107362.257174,58960237.40215,59955508.230527,,303.41747319999996,303.47486,304.16793479999995,,,,,0.9458907999999999,,,1.0,0.0,1.0,0.0,0.0,51824153.94345,51981648.74245,,51993171.556200005,22394678.4501055,22547542.254776,71462759.611509,52112302.7404,,0.0022,,63.5714,,0.0003,,61.2861,0.0,1.0,0.0
214,2022-10-24T01:46:30.000-0300,30682173.728150003,289.8328747,59106458.47630999,58959266.543800004,59954245.2320735,,303.41712229999996,303.4715923,304.1645016,,,,,0.9460298,,,1.0,0.0,1.0,0.0,0.0,51820584.322850004,51989395.995950006,,51988969.798941,22394678.4501055,22547542.254776,71462759.611509,52112302.7404,,0.0022,,63.5714,,0.0003,,61.2861,0.0,1.0,0.0
215,2022-10-24T01:47:00.000-0300,30665204.2029235,289.8370632,59098671.3097445,58955275.23725,59948296.61625,,303.41490999999996,303.46952,304.1591724,,,,,0.946218643,,,1.0,0.0,1.0,0.0,0.0,51822849.659,51988939.790592,,51990661.0538,22384562.988697,22552356.143128,71479674.70982799,52106614.8834,,0.0022,,63.5714,,0.0003,,61.2861,0.0,1.0,0.0
216,2022-10-24T01:47:30.000-0300,30684527.32415,289.8222527,59097373.59575,58954167.0858,59947325.7579,,303.4152054,303.46822779999997,304.15691599999997,,,,,0.945795746,,,1.0,0.0,1.0,0.0,0.0,51822849.659,51988939.790592,,51990661.0538,22384562.988697,22552356.143128,71479674.70982799,52106614.8834,,0.0022,,63.5714,,0.0003,,61.2861,0.0,1.0,0.0
217,2022-10-24T01:48:00.000-0300,30711786.3788225,289.7857479,59100197.910950005,58952970.6745,59948223.850907,,303.4109825,303.46547549999997,304.1536182,,,,,0.9457575,,,1.0,0.0,1.0,0.0,0.0,51821319.8216,51986728.58715001,,51990612.02055,22384726.0732865,22549125.440352,71472605.7823085,52101676.84285901,,0.0022,,63.5714,,0.0003,,61.2861,0.0,1.0,0.0
218,2022-10-24T01:48:30.000-0300,30615955.500823,289.7979435,59106562.4268,58957344.4404,59956872.923941,,303.4104523,303.46403349999997,304.15241,,,,,0.9456946,,,1.0,0.0,1.0,0.0,0.0,51821319.8216,51986728.58715001,,51990612.02055,22384726.0732865,22549125.440352,71472605.7823085,52101676.84285901,,0.0022,,63.5714,,0.0003,,61.2861,0.0,1.0,0.0
219,2022-10-24T01:49:00.000-0300,30684824.661778,289.8121284,59101017.6488235,58955899.0382565,59946668.712349996,,303.40975419999995,303.46344799999997,304.1520332,,,,,0.9456946,,,1.0,0.0,1.0,0.0,0.0,51822195.6535115,51980599.43090001,,51987341.698907994,22391575.037646502,22550772.957552,71484614.1233,52110924.4157425,,0.0022,,63.5714,,0.0003,,61.2861,0.0,1.0,0.0
220,2022-10-24T01:49:30.000-0300,30684824.661778,289.8121284,59101017.6488235,58955899.0382565,59946668.712349996,,303.40975419999995,303.46344799999997,304.1520332,,,,,0.9456946,,,1.0,0.0,1.0,0.0,0.0,51822195.6535115,51980599.43090001,,51987341.698907994,22391575.037646502,22550772.957552,71484614.1233,52110924.4157425,,0.0022,,63.5714,,0.0003,,61.2861,0.0,1.0,0.0
221,2022-10-24T01:50:00.000-0300,30650279.364221998,289.82304,59102232.69275849,58958095.727856494,59951699.52380001,,303.40414999999996,303.4599136,304.1518349,,,,,0.9460671,,,1.0,0.0,1.0,0.0,0.0,51823883.5741095,51989749.03535,,51993626.4866935,22394533.311685503,22549885.5537935,71479596.845027,52107909.3612,,0.0022,,63.5714,,0.0003,,61.2861,0.0,1.0,0.0
222,2022-10-24T01:50:30.000-0300,30667349.99601,289.78895,59103998.380091,58961002.32085001,59958518.872077,,303.4010586,303.456982,304.15143809999995,,,,,0.9458679999999999,,,1.0,0.0,1.0,0.0,0.0,51821074.65535,51985130.1032,,51990244.663441,22390588.8809225,22557250.7402095,71450957.7005,52099779.64835,,0.0022,,63.5714,,0.0003,,61.2861,0.0,1.0,0.0
223,2022-10-24T01:51:00.000-0300,30678608.716675498,289.80693859999997,59100825.53655,58958138.77905,59952807.675249994,,303.39984169999997,303.4551262,304.1521572,,,,,0.9462335000000001,,,1.0,0.0,1.0,0.0,0.0,51819436.944800004,51985130.1032,,51990244.663441,22390588.8809225,22557250.7402095,71450957.7005,52099779.64835,,0.0022,,63.5714,,0.0003,,61.2861,0.0,1.0,0.0
224,2022-10-24T01:51:30.000-0300,30679682.839050002,289.80147589999996,59101374.70895,58955559.6301,59948223.850907,,303.39796679999995,303.45332759999997,304.15101469999996,,,,,0.9462782,,,1.0,0.0,1.0,0.0,0.0,51822973.811189,51985899.2387595,,51989616.155242495,22391384.9847695,22549677.6528135,71443725.688391,52110325.817826495,,0.0022,,63.5714,,0.0003,,61.2861,0.0,1.0,0.0
225,2022-10-24T01:52:00.000-0300,30708186.1614745,289.8139652,59106582.04009999,58959158.67065,59954729.77865,,303.3957218,303.4510178,304.1484112,,,,,0.9459349,,,1.0,0.0,1.0,0.0,0.0,51822973.811189,51985899.2387595,,51989616.155242495,22388344.3348705,22548899.495136,71475121.2861,52112077.18745,,0.0022,,63.5714,,0.0003,,61.2861,0.0,1.0,0.0
226,2022-10-24T01:52:30.000-0300,30682705.836979,289.8017754,59102012.141200006,58957883.80615,59952474.24915,,303.3951057,303.4499687,304.1465839,,,,,0.9460985,,,1.0,0.0,1.0,0.0,0.0,51818103.2404,51985546.101293005,,51985002.61675,22387398.5815445,22555423.663248003,71473743.059509,52110415.6467405,,0.0022,,63.5714,,0.0003,,61.2861,0.0,1.0,0.0
227,2022-10-24T01:53:00.000-0300,30666559.972286,289.7835583,59109779.007999994,58960388.22842701,59957014.728099994,,303.39398229999995,303.44885669999996,304.14522,,,,,0.945868759,,,1.0,0.0,1.0,0.0,0.0,51818103.2404,51985546.101293005,,51985002.61675,22387398.5815445,22555423.663248003,71473743.059509,52110415.6467405,,0.0022,,63.5714,,0.0003,,61.2861,0.0,1.0,0.0
228,2022-10-24T01:53:30.000-0300,30692399.318237998,289.82680999999997,59104767.80985001,58959884.362749994,59954170.7996,,303.39059679999997,303.4462074,304.14113849999995,,,,,0.9458935549999999,,,1.0,0.0,1.0,0.0,0.0,51821143.3019,51987395.43935,,51978967.996606,22381390.6354885,22556879.6565735,71468001.6582,52099397.188999996,,0.0022,,63.5714,,0.0003,,61.2861,0.0,1.0,0.0
229,2022-10-24T01:54:00.000-0300,30705297.808849998,289.7903675,59104124.101344004,58959217.51054999,59955847.73675,,303.38850249999996,303.44454229999997,304.1386589,,,,,0.9457715,,,1.0,0.0,1.0,0.0,0.0,51821466.92135,51984227.891399994,,51986051.92829999,22380658.1768,22548230.5835395,71468948.68639049,52105962.4469755,,0.0022,,63.5714,,0.0003,,61.2861,0.0,1.0,0.0
230,2022-10-24T01:54:30.000-0300,30700610.23015,289.76612,59111563.8183,58961723.0115585,59957549.2885915,,303.3874916,303.4440464,304.13596379999996,,,,,0.9458444,,,1.0,0.0,1.0,0.0,0.0,51821466.92135,51984227.891399994,,51986051.92829999,22380658.1768,22548230.5835395,71468948.68639049,52105962.4469755,,0.0022,,63.5714,,0.0003,,61.2861,0.0,1.0,0.0
231,2022-10-24T01:55:00.000-0300,30719036.9255,289.79169879999995,59104459.29264101,58959050.7975,59952523.2824,,303.38475,303.4414925,304.1327442,,,,,0.9457846000000001,,,1.0,0.0,1.0,0.0,0.0,51819172.16525,51983914.0786,,51991980.440491,22401840.5408,22548827.710458,71469423.62245,52107638.4034605,,0.0022,,63.5714,,0.0003,,61.2861,0.0,1.0,0.0
232,2022-10-24T01:55:30.000-0300,30662798.0432795,289.79198879999996,59109710.36145,58961339.865743,59960682.4152,,303.38415,303.4401077,304.13274609999996,,,,,0.945881958,,,1.0,0.0,1.0,0.0,0.0,51819172.16525,51983914.0786,,51991980.440491,22401840.5408,22548827.710458,71469423.62245,52107638.4034605,,0.0022,,63.5714,,0.0003,,61.2861,0.0,1.0,0.0
233,2022-10-24T01:56:00.000-0300,30685456.210038,289.7806343,59108930.4385755,58962032.0191,59958142.492850006,,303.38203,303.43856999999997,304.12992899999995,,,,,0.9459015,,,1.0,0.0,1.0,0.0,0.0,51821270.78835,51983737.5589,,51987385.632699996,22388384.7382685,22549397.7710225,71458934.9199425,52106040.21371,,0.0022,,63.5714,,0.0003,,61.2861,0.0,1.0,0.0
234,2022-10-24T01:56:30.000-0300,30662564.6450095,289.80572739999997,59105542.5352,58960423.7285,59952114.443161495,,303.377972,303.43768539999996,304.1298,,,,,0.9456538999999999,,,1.0,0.0,1.0,0.0,0.0,51820937.36225,51985679.2756,,51991465.199099995,22390484.4401,22548103.391289,71468703.225941,52106869.856300004,,0.0022,,63.5714,,0.0003,,61.2861,0.0,1.0,0.0
235,2022-10-24T01:57:00.000-0300,30731161.475293998,289.8069786,59108062.84425,58961555.41591,59955622.183800004,,303.3759235,303.43426,304.1285,,,,,0.945795746,,,1.0,0.0,1.0,0.0,0.0,51822548.79097801,51985414.49605,,51993333.169792,22392438.4151125,22545534.1470555,71461480.23595,52107409.22205,,0.0022,,63.5714,,0.0003,,61.2861,0.0,1.0,0.0
236,2022-10-24T01:57:30.000-0300,30687096.666449998,289.8245148,59110553.73335,58963686.204822,59962648.942724496,,303.37334669999996,303.4318527,304.1253933,,,,,0.9459833000000001,,,1.0,0.0,1.0,0.0,0.0,51819456.55809999,51986679.553899996,,51984473.05765,22387584.1233625,22554482.420981,71474096.1969755,52105776.9051575,,0.0022,,63.5714,,0.0003,,61.2861,0.0,1.0,0.0
237,2022-10-24T01:58:00.000-0300,30671492.0307705,289.7697186,59106052.481000006,58962477.1429435,59955759.476900004,,303.3716339,303.4305252,304.12371859999996,,,,,0.9458021999999999,,,1.0,0.0,1.0,0.0,0.0,51819456.55809999,51987066.328176,,51995757.2756055,22387584.1233625,22554482.420981,71474096.1969755,52109223.452300005,,0.0022,,63.5714,,0.0003,,61.2861,0.0,1.0,0.0
238,2022-10-24T01:58:30.000-0300,30703954.2978,289.77845229999997,59108974.86269999,58961878.5450275,59956657.373774,,303.37095999999997,303.4288486,304.123587,,,,,0.946,,,1.0,0.0,1.0,0.0,0.0,51821656.974227004,51987066.328176,,51995757.2756055,22391375.962651502,22548546.3576695,71466128.58805001,52109223.452300005,,0.0022,,63.5714,,0.0003,,61.2861,0.0,1.0,0.0
239,2022-10-24T01:59:00.000-0300,30649010.383712,289.76185,59103950.52363901,58961021.934149995,59951405.3243,,303.36762849999997,303.4257854,304.1232819,,,,,0.9460208,,,1.0,0.0,1.0,0.0,0.0,51815141.6321,51988921.8444225,,51990523.7607,22388751.3108455,22551803.8326,71465628.4489,52110649.04501049,,0.0022,,63.5714,,0.0003,,61.2861,0.0,1.0,0.0
240,2022-10-24T01:59:30.000-0300,30696568.2232195,289.80734859999995,59109391.3511255,58960711.455611005,59952910.448942006,,303.3662781,303.42483999999996,304.12187,,,,,0.9459841,,,1.0,0.0,1.0,0.0,0.0,51815141.6321,51988921.8444225,,51990523.7607,22388751.3108455,22551803.8326,71465628.4489,52110649.04501049,,0.0022,,63.5714,,0.0003,,61.2861,0.0,1.0,0.0
241,2022-10-24T02:00:00.000-0300,30673367.35645,289.802914,59105189.495799996,58961531.87995,59954474.80575,,303.36529579999996,303.42192,304.12018809999995,,,,,0.9456758000000001,,,1.0,0.0,1.0,0.0,0.0,51821976.86715,51981966.674043,,51994314.81545701,22385195.909888,22550737.065213,71469223.959056,52104722.199949995,,0.0022,,63.5714,,0.0003,,61.2861,0.0,1.0,0.0
242,2022-10-24T02:00:30.000-0300,30677932.352025002,289.81407199999995,59102526.00966,58959227.317200005,59952389.715827,,303.36461679999996,303.42015879999997,304.1177658,,,,,0.9458671,,,1.0,0.0,1.0,0.0,0.0,51821976.86715,51981966.674043,,51994314.81545701,22385195.909888,22550737.065213,71469223.959056,52104722.199949995,,0.0022,,63.5714,,0.0003,,61.2861,0.0,1.0,0.0
243,2022-10-24T02:01:00.000-0300,30663982.392400004,289.7738842,59107552.898449995,58961800.77829299,59955765.557022996,,303.3608536,303.4186081,304.1138653,,,,,0.9459654999999999,,,1.0,0.0,1.0,0.0,0.0,51825020.85130999,51989768.64865,,51989382.75697251,22390371.9578245,22547316.30956,71461686.1756,52113456.2966395,,0.0022,,63.5714,,0.0003,,61.2861,0.0,1.0,0.0
244,2022-10-24T02:01:30.000-0300,30657529.6167,289.79230729999995,59110406.633600004,58963591.27645,59958471.015625,,303.3591179,303.4161057,304.1120628,,,,,0.9457935999999999,,,1.0,0.0,1.0,0.0,0.0,51822584.87945,51982354.82125,,51990017.2472275,22386933.256001998,22549080.525895,71452664.0576,52104795.2594925,,0.0022,,63.5714,,0.0003,,61.2861,0.0,1.0,0.0
245,2022-10-24T02:02:00.000-0300,30666263.615323,289.75748289999996,59110756.044539504,58963734.061274,59958642.632,,303.35746,303.41458359999996,304.1098255,,,,,0.9457581999999999,,,1.0,0.0,1.0,0.0,0.0,51820652.969399996,51986365.7411,,51983806.205450006,22391955.437599998,22544375.9816905,71451516.67955,52102123.4377,,0.0022,,63.5714,,0.0003,,61.2861,0.0,1.0,0.0
246,2022-10-24T02:02:30.000-0300,30666263.615323,289.75748289999996,59110756.044539504,58963734.061274,59958642.632,,303.35746,303.41458359999996,304.1098255,,,,,0.9457581999999999,,,1.0,0.0,1.0,0.0,0.0,51820652.969399996,51986365.7411,,51983806.205450006,22391955.437599998,22544375.9816905,71451516.67955,52102123.4377,,0.0022,,63.5714,,0.0003,,61.2861,0.0,1.0,0.0
247,2022-10-24T02:03:00.000-0300,30699133.0544605,289.79262769999997,59113976.254200004,58965529.756955504,59963918.6097,,303.3555244,303.41345249999995,304.1080383,,,,,0.9458338999999999,,,1.0,0.0,1.0,0.0,0.0,51820868.7157,51987646.9799225,,51992429.388928,22390389.903993998,22549523.4922755,71461686.1756,52113450.11845,,0.0022,,63.5714,,0.0003,,61.2861,0.0,1.0,0.0
248,2022-10-24T02:03:30.000-0300,30713896.27957,289.7797131,59110534.12005,58965434.926649995,59959642.910299994,,303.3522762,303.41162149999997,304.10454999999996,,,,,0.9459587,,,1.0,0.0,1.0,0.0,0.0,51816063.4572,51989180.24965,,51992514.51065,22393276.393355,22546601.012509,71467168.09295,52104807.22360549,,0.0022,,63.5714,,0.0003,,61.2861,0.0,1.0,0.0
249,2022-10-24T02:04:00.000-0300,30708060.4402215,289.74941859999996,59115751.25785,58967774.3030075,59964648.028327,,303.35129589999997,303.41059149999995,304.10506669999995,,,,,0.945884,,,1.0,0.0,1.0,0.0,0.0,51816063.4572,51989180.24965,,51992514.51065,22393276.393355,22546601.012509,71467168.09295,52104807.22360549,,0.0022,,63.5714,,0.0003,,61.2861,0.0,1.0,0.0
250,2022-10-24T02:04:30.000-0300,30669420.964357,289.7444481,59108641.4366,58964655.886374,59956416.52245,,303.350037,303.4073853,304.1048244,,,,,0.9458202,,,1.0,0.0,1.0,0.0,0.0,51822016.09375,51985404.6894,,51983810.2261765,22384037.744523,22547461.44798,71454017.3753,52108507.56684999,,0.0022,,63.5714,,0.0003,,61.2861,0.0,1.0,0.0
251,2022-10-24T02:05:00.000-0300,30688032.907325502,289.74657099999996,59111848.21115,58965856.6126,59960515.70215,,303.3482231,303.4061188,304.1043362,,,,,0.9460538,,,1.0,0.0,1.0,0.0,0.0,51820505.86965,51983894.4653,,51989921.436257005,22389014.717464503,22543922.522194497,71470678.87365,52114623.48412249,,0.0022,,63.5714,,0.0003,,61.2861,0.0,1.0,0.0
252,2022-10-24T02:05:30.000-0300,30703005.7005455,289.73897,59110847.932849996,58964961.1673885,59958289.5926,,303.3467831,303.40394999999995,304.10247999999996,,,,,0.9457323460000001,,,1.0,0.0,1.0,0.0,0.0,51818323.0074265,51988724.33849151,,51994770.04015,22389086.5021425,22545279.7625545,71465722.4946735,52107392.943011,,0.0022,,63.5714,,0.0003,,61.2861,0.0,1.0,0.0
253,2022-10-24T02:06:00.000-0300,30643496.30055,289.75820769999996,59108945.44275001,58963548.519456,59956322.182477,,303.3419613,303.40124169999996,304.1021523,,,,,0.9458249000000001,,,1.0,0.0,1.0,0.0,0.0,51823530.436643004,51985558.065405995,,51989843.6695225,22388950.385840498,22553134.202739,71467315.1927,52104071.03839,,0.0022,,63.5714,,0.0003,,61.2861,0.0,1.0,0.0
254,2022-10-24T02:06:30.000-0300,30734627.047337502,289.77783239999997,59113623.2148,58967421.165541,59966203.559149995,,303.3397278,303.3985638,304.10016859999996,,,,,0.9457780459999999,,,1.0,0.0,1.0,0.0,0.0,51822045.5137,51986791.055510506,,51986832.929905996,22388950.385840498,22553134.202739,71467315.1927,52104071.03839,,0.0022,,63.5714,,0.0003,,61.2861,0.0,1.0,0.0
255,2022-10-24T02:07:00.000-0300,30656297.803393498,289.7475952,59111941.178192,58965870.930309,59957456.02735,,303.3394131,303.3970551,304.0989346,,,,,0.945912247,,,1.0,0.0,1.0,0.0,0.0,51822045.5137,51986791.055510506,,51986832.929905996,22387267.8589,22555975.8757095,71462902.20019999,52111910.4744,,0.0022,,63.5714,,0.0003,,61.2861,0.0,1.0,0.0
256,2022-10-24T02:07:30.000-0300,30708406.5169,289.7489227,59108631.62995,58963321.1032425,59956627.46349151,,303.33705,303.39520869999996,304.0958313,,,,,0.9458262000000001,,,1.0,0.0,1.0,0.0,0.0,51823237.11974151,51988209.3913,,51987326.7928,22393112.622300003,22548248.529709,71456439.61785,52107830.908,,0.0022,,63.5714,,0.0003,,61.2861,0.0,1.0,0.0
257,2022-10-24T02:08:00.000-0300,30655349.108072497,289.74168,59107392.1674565,58962764.4777885,59956720.52860001,,303.33616099999995,303.393372,304.09495999999996,,,,,0.9461894,,,1.0,0.0,1.0,0.0,0.0,51817736.47169,51986326.51450001,,51990631.63384999,22391575.037646502,22543768.459723,71463824.0253,52105104.6593,,0.0022,,63.5714,,0.0003,,61.2861,0.0,1.0,0.0
258,2022-10-24T02:08:30.000-0300,30687008.4066,289.75726,59104076.244892,58959047.463239,59953827.56684999,,303.33265719999997,303.3908047,304.0913185,,,,,0.9458777,,,1.0,0.0,1.0,0.0,0.0,51822477.006299995,51985640.049,,51987522.925799996,22387648.553053,22550699.603809997,71478131.92765,52110415.6467405,,0.0022,,63.5714,,0.0003,,61.2861,0.0,1.0,0.0
259,2022-10-24T02:09:00.000-0300,30691597.9188,289.7380852,59115192.278799996,58965038.934123,59965134.6343,,303.33242839999997,303.38878,304.0906872,,,,,0.9460966000000001,,,1.0,0.0,1.0,0.0,0.0,51823267.030024,51987784.6652885,,51993979.62416001,22394479.473177,22550066.682619,71465559.80235,52108870.4129,,0.0022,,63.5714,,0.0003,,61.2861,0.0,1.0,0.0
260,2022-10-24T02:09:30.000-0300,30639834.693573,289.7040581,59111093.0991,58966072.3589,59960559.9301415,,303.3316483,303.38769379999997,304.09008259999996,,,,,0.9457603450000001,,,1.0,0.0,1.0,0.0,0.0,51823267.030024,51987784.6652885,,51993979.62416001,22394479.473177,22550066.682619,71465559.80235,52108870.4129,,0.0022,,63.5714,,0.0003,,61.2861,0.0,1.0,0.0
261,2022-10-24T02:10:00.000-0300,30725056.24727,289.75517119999995,59110929.6222445,58964272.838625,59961731.726749994,,303.3293041,303.38540309999996,304.08571279999995,,,,,0.94554924,,,1.0,0.0,1.0,0.0,0.0,51817809.0409,51985718.5022,,51991837.8518,22392344.173206,22554039.7488,71471929.417658,52104519.88876049,,0.0022,,63.5714,,0.0003,,61.2861,0.0,1.0,0.0
262,2022-10-24T02:10:30.000-0300,30717002.7320905,289.72308769999995,59114545.039900005,58965474.153249994,59960835.300873496,,303.32903519999996,303.38391149999995,304.0828537,,,,,0.9456954000000001,,,1.0,0.0,1.0,0.0,0.0,51823751.870799996,51990759.120299995,,51990710.08705,22389158.384887002,22547461.44798,71459701.0154405,52105516.5386,,0.0022,,63.5714,,0.0003,,61.2861,0.0,1.0,0.0
263,2022-10-24T02:11:00.000-0300,30691215.45945,289.73544999999996,59106660.4933,58963626.384257,59956004.643149994,,303.32660139999996,303.38167999999996,304.081509,,,,,0.945920258,,,1.0,0.0,1.0,0.0,0.0,51823830.324,51980877.35136099,,51992955.8099,22387250.5011295,22552338.1969585,71464853.72355,52110910.196100004,,0.0022,,63.5714,,0.0003,,61.2861,0.0,1.0,0.0
264,2022-10-24T02:11:30.000-0300,30666844.2670695,289.74411619999995,59113784.730325505,58965457.874211006,59962894.305107504,,303.3248943,303.3800339,304.0807213,,,,,0.9458407,,,1.0,0.0,1.0,0.0,0.0,51823830.324,51980877.35136099,,51992955.8099,22387250.5011295,22552338.1969585,71464853.72355,52110910.196100004,,0.0022,,63.5714,,0.0003,,61.2861,0.0,1.0,0.0
265,2022-10-24T02:12:00.000-0300,30666844.2670695,289.74411619999995,59113784.730325505,58965457.874211006,59962894.305107504,,303.3248943,303.3800339,304.0807213,,,,,0.9458407,,,1.0,0.0,1.0,0.0,0.0,51823830.324,51980877.35136099,,51992955.8099,22387250.5011295,22552338.1969585,71464853.72355,52110910.196100004,,0.0022,,63.5714,,0.0003,,61.2861,0.0,1.0,0.0
266,2022-10-24T02:12:30.000-0300,30724254.063300002,289.70354,59108301.930377,58964944.59414999,59959338.90415,,303.32131419999996,303.37488779999995,304.07602729999996,,,,,0.9459175000000001,,,1.0,0.0,1.0,0.0,0.0,51823129.442724496,51985159.52315,,51990765.396556005,22391693.207779,22544338.5202875,71453571.8591905,52112577.3266,,0.0022,,63.5714,,0.0003,,61.2861,0.0,1.0,0.0
267,2022-10-24T02:13:00.000-0300,30679496.5127,289.6978878,59110896.96610001,58964620.9747,59961143.32775,,303.3203911,303.3738884,304.0756439,,,,,0.9458573,,,1.0,0.0,1.0,0.0,0.0,51823129.442724496,51985159.52315,,51990765.396556005,22391693.207779,22544338.5202875,71453571.8591905,52112577.3266,,0.0022,,63.5714,,0.0003,,61.2861,0.0,1.0,0.0
268,2022-10-24T02:13:30.000-0300,30701389.5646255,289.6840385,59115275.046926,58966523.4648,59962712.39174999,,303.31683769999995,303.37057999999996,304.07109679999996,,,,,0.946036,,,1.0,0.0,1.0,0.0,0.0,51819691.9177,51983086.005074,,51998908.44645,22395130.438603997,22549134.462470002,71470865.2,52105624.41175,,0.0022,,63.5714,,0.0003,,61.2861,0.0,1.0,0.0
269,2022-10-24T02:14:00.000-0300,30670716.815088,289.7029766,59112269.897099994,58966464.624900006,59961555.207049996,,303.31551779999995,303.37037119999997,304.0709538,,,,,0.9458616000000001,,,1.0,0.0,1.0,0.0,0.0,51823853.663827,51987238.53295,,51986365.7411,22387340.231977,22539986.81935,71469570.72219999,52115068.2157,,0.0022,,63.5714,,0.0003,,61.2861,0.0,1.0,0.0
270,2022-10-24T02:14:30.000-0300,30698516.510375,289.73584209999996,59115855.6986725,58967602.1963,59964232.4225,,303.31511539999997,303.36990779999996,304.07054,,,,,0.9458616000000001,,,1.0,0.0,1.0,0.0,0.0,51824477.56289999,51991256.2193885,,51995123.079550005,22383259.684912,22549930.762450002,71479171.43255,52096778.813449994,,0.0022,,63.5714,,0.0003,,61.2861,0.0,1.0,0.0
271,2022-10-24T02:15:00.000-0300,30713182.35545,289.75641859999996,59115525.704900004,58967641.4229,59965448.4471,,303.31304209999996,303.3667969,304.0720085,,,,,0.945813141,,,1.0,0.0,1.0,0.0,0.0,51818765.973807,51988939.790592,,51988371.201025,22388959.309892,22556092.5748445,71470247.38104999,52106771.789799996,,0.0022,,63.5714,,0.0003,,61.2861,0.0,1.0,0.0
272,2022-10-24T02:15:30.000-0300,30673404.3275205,289.7161716,59108661.049899995,58966346.9451,59958328.8192,,303.311335,303.36377,304.07023999999996,,,,,0.945987854,,,1.0,0.0,1.0,0.0,0.0,51822656.5660615,51990861.2075265,,51991680.9454,22391809.906914,22555549.9729,71471051.52635,52108667.9055775,,0.0022,,63.5714,,0.0003,,61.2861,0.0,1.0,0.0
273,2022-10-24T02:16:00.000-0300,30660715.1108195,289.72394599999996,59113892.4073425,58966160.61875,59963261.56415,,303.31025999999997,303.36319199999997,304.0686535,,,,,0.9457833999999999,,,1.0,0.0,1.0,0.0,0.0,51822656.5660615,51990861.2075265,,51991680.9454,22391809.906914,22555549.9729,71471051.52635,52108667.9055775,,0.0022,,63.5714,,0.0003,,61.2861,0.0,1.0,0.0
274,2022-10-24T02:16:30.000-0300,30723491.0078635,289.68489,59109151.3824,58964703.742826,59957377.574149996,,303.30791,303.36256449999996,304.0659737,,,,,0.946099854,,,1.0,0.0,1.0,0.0,0.0,51823021.66764101,51985953.8618,,51992010.350773506,22387295.31752,22550129.5432455,71477753.2928935,52105467.50535,,0.0022,,63.5714,,0.0003,,61.2861,0.0,1.0,0.0
275,2022-10-24T02:17:00.000-0300,30723491.0078635,289.68489,59109151.3824,58964703.742826,59957377.574149996,,303.30791,303.36256449999996,304.0659737,,,,,0.946099854,,,1.0,0.0,1.0,0.0,0.0,51823021.66764101,51985953.8618,,51992010.350773506,22387295.31752,22550129.5432455,71477753.2928935,52105467.50535,,0.0022,,63.5714,,0.0003,,61.2861,0.0,1.0,0.0
