,timestamp,TPT_PRESS_ANM,TPT_TEMP_ANM,P_PDG_COL,P_PDG_AN_SUP,P_PDG_AN_INF,P_PDG_AN_INT,T_PDG_COL,T_PDG_AN_SUP,T_PDG_AN_INF,T_PDG_AN_INT,CHK_PROD,PRESS_PROD_TOP_SIDE,SURFACE_PRESSURE,INJ_WATER_VALV,FLOWIN_WATER_INJ,MAN_CHK_WATER,M1,M2,W1,W2,XO,P_CI1,P_CI2,P_CI3,P_CI4,HP_PRESS_RET,LP_PRESS_RET,HP_PRESS,LP_PRESS,FLOW_HP_RET,FLOW_HP_RET_VOL,FLOW_LP_RET,FLOW_LP_RET_VOL,FLOW_HP,FLOW_HP_VOL,FLOW_LP,FLOW_LP_VOL,PXO,DHSV,class
0,2024-01-20T23:59:30.000-0300,,,,,,,,,,,,,,,,,,,,,,,,,,,,,,,,,,,,,,,,0.0
1,2024-01-21T00:00:00.000-0300,25434633.744086,308.0513138,47886340.6098035,47383251.717549995,46001687.923555,,311.85260999999997,311.6749367,336.43215999999995,,,,,0.9971924,,,,,,,,52352869.67155,52702506.164000005,,52785239.378326,22396701.856200002,22148548.5986765,71256825.2571,52790040.321899995,,0.0,,96.29806,,0.0,,99.87666,,,0.0
2,2024-01-21T00:00:30.000-0300,25444291.333006,308.04035799999997,47883506.4879535,47383854.532325506,46000455.22765,,311.82003249999997,311.67651,336.42102279999995,,,,,0.997171555,,,,,,,,52356994.446606494,52709259.3173895,,52790015.805275,22403700.1758395,22154335.012509,71267165.29079351,52792691.255528,,0.0,,96.29806,,0.0,,99.87666,,,0.0
3,2024-01-21T00:01:00.000-0300,25449504.744278997,308.03723749999995,47885673.267271005,47383106.382997,46000523.8742,,311.79851379999997,311.684153,336.42920999999996,,,,,0.9973482,,,,,,,,52360250.548606,52707553.45062201,,52792472.3711,22386218.54735,22147734.54866,71268485.36395,52793008.5006555,,0.0,,96.29806,,0.0,,99.87666,,,0.0
4,2024-01-21T00:01:30.000-0300,25438638.0934805,308.00597,47892233.327722,47382738.241356,46001043.62665,,311.7972054,311.69203799999997,336.42176279999995,,,,,0.9973253,,,,,,,,52355027.13455,52708415.3570905,,52790386.888911,22389077.578091003,22150371.164579,71260012.41835,52790171.4368105,,0.0,,96.29806,,0.0,,99.87666,,,0.0
5,2024-01-21T00:02:00.000-0300,25425679.3900375,308.0277466,47884667.69338,47382722.15845,45999497.2160115,,311.83308639999996,311.70010219999995,336.44563999999997,,,,,0.9973253,,,,,,0.0,,52363755.05305,52713744.58490001,,52789477.027924,22394810.153415,22150896.408753,71273467.14215,52797988.415592,,0.0,,96.29806,,0.0,,99.87666,0.0,,0.0
6,2024-01-21T00:02:30.000-0300,25453913.029587,308.0312065,47887061.888911,47382928.0981,46000043.34835,,311.83366,311.7140755,336.48008,,,,,0.9969944,,,,,,0.0,,52360254.079,52709557.145349994,,52797973.90175,22396221.33035,22147562.4419525,71262699.44045,52797790.909661,,0.0,,96.29806,,0.0,,99.87666,0.0,,0.0
7,2024-01-21T00:03:00.000-0300,25438883.455863502,308.0549,47890461.4622,47382579.6678255,46001122.079849996,,311.82696999999996,311.72271579999995,336.47350539999996,,,,,0.9972751,,,,0.0,,0.0,0.0,52357439.57045,52709674.82515,,52800322.790558,22391693.207779,22148000.897274,71261173.8199095,52801621.975549996,,0.0,,96.29806,,0.0,,99.87666,0.0,1.0,0.0
8,2024-01-21T00:03:30.000-0300,25442337.063794002,308.0466255,47886876.347093,47383070.490658,46000478.8616765,,311.8301338,311.73024599999997,336.45741999999996,,,,,0.9972751,,,,0.0,,0.0,0.0,52367589.453200005,52713489.612,,52800322.790558,22391693.207779,22148000.897274,71261173.8199095,52801621.975549996,,0.0,,96.29806,,0.0,,99.87666,0.0,1.0,0.0
9,2024-01-21T00:04:00.000-0300,25449315.8682,308.0566849,47888621.0481945,47382923.783174,46000818.0737,,311.84888309999997,311.74096999999995,336.45896,,,,,0.9973636,,,,0.0,,0.0,0.0,52362215.409,52720123.026193,,52793492.2627,22396297.5280205,22148286.663055,71269436.609,52796806.9104,,0.0,,96.29806,,0.0,,99.87666,0.0,1.0,0.0
10,2024-01-21T00:04:30.000-0300,25449315.8682,308.0566849,47888621.0481945,47382923.783174,46000818.0737,,311.84888309999997,311.74096999999995,336.45896,,,,,0.9973636,,,,0.0,,0.0,0.0,52362215.409,52720123.026193,,52793492.2627,22396297.5280205,22148286.663055,71269436.609,52796806.9104,,0.0,,96.29806,,0.0,,99.87666,0.0,1.0,0.0
11,2024-01-21T00:05:00.000-0300,25442573.5021255,308.0397324,47886669.819044,47382251.43925,46000457.8754455,,311.8524574,311.7594627,336.470015,,,,,0.9971371000000001,,,,0.0,,0.0,0.0,52363539.30675001,52718710.476327,,52801249.322850004,22396976.4424,22147557.9308935,71268818.79005,52803838.27845,,0.0,,96.29806,,0.0,,99.87666,0.0,1.0,0.0
12,2024-01-21T00:05:30.000-0300,25423823.873791,308.02243,47884799.3966895,47380415.830503,46000990.5726735,,311.87769,311.74671,336.474852,,,,,0.99709,,,,0.0,,0.0,0.0,52363764.8597,52715544.105174996,,52798768.2404,22391429.899226498,22148589.002074502,71259600.53905,52802229.98785,,0.0,,96.29806,,0.0,,99.87666,0.0,1.0,0.0
13,2024-01-21T00:06:00.000-0300,25420687.510987997,308.0353035,47885709.15961,47381831.4204305,46001200.53305,,311.85650999999996,311.73442689999996,336.46599,,,,,0.9972628,,,,0.0,,0.0,0.0,52367373.7069,52716896.834475994,,52796270.5847115,22388339.823811498,22146191.766482,71268224.8012595,52805407.34244999,,0.0,,96.29806,,0.0,,99.87666,0.0,1.0,0.0
14,2024-01-21T00:06:30.000-0300,25425311.346463002,308.03974999999997,47887298.3272425,47380520.663591504,46001203.082779,,311.83545,311.72700349999997,336.45196,,,,,0.9972628,,,,0.0,,0.0,0.0,52363309.144674495,52719608.961600006,,52796270.5847115,22388339.823811498,22146191.766482,71268224.8012595,52805407.34244999,,0.0,,96.29806,,0.0,,99.87666,0.0,1.0,0.0
15,2024-01-21T00:07:00.000-0300,25463115.78608,308.05438,47883701.0518895,47380002.8724715,46000957.720396005,,311.82809999999995,311.70740359999996,336.4460434,,,,,0.997348557,,,,0.0,,0.0,0.0,52368491.665,52720949.0403225,,52801023.7699,22394180.174219,22153841.2476815,71272157.2679095,52805779.99515,,0.0,,96.29806,,0.0,,99.87666,0.0,1.0,0.0
16,2024-01-21T00:07:30.000-0300,25449865.040599998,308.05269,47884145.9796,47380194.396346,45999850.353478,,311.8302521,311.6870522,336.46258389999997,,,,,0.9971271,,,,0.0,,0.0,0.0,52366344.008650005,52720158.134,,52805299.4693,22392724.1808935,22148548.5986765,71270485.92055,52803423.261022,,0.0,,96.29806,,0.0,,99.87666,0.0,1.0,0.0
17,2024-01-21T00:08:00.000-0300,25443773.639952503,308.0558342,47881782.57695,47379623.25705,46001080.4015875,,311.83653,311.6800369,336.47058,,,,,0.9971506499999999,,,,0.0,,0.0,0.0,52371159.0738,52720903.4394,,52801504.29575001,22389918.4983285,22148883.7899735,71278095.88095,52807864.496674,,0.0,,96.29806,,0.0,,99.87666,0.0,1.0,0.0
18,2024-01-21T00:08:30.000-0300,25436650.873924498,308.0411057,47887715.6002,47380511.641473494,46001071.3794695,,311.8183578,311.67841569999996,336.46277999999995,,,,,0.9971516420000001,,,,0.0,,0.0,0.0,52371159.0738,52720903.4394,,52803946.151599996,22390910.637109,22151249.5462195,71261208.82965,52810163.56769999,,0.0,,96.29806,,0.0,,99.87666,0.0,1.0,0.0
19,2024-01-21T00:09:00.000-0300,25434074.078570496,308.06275789999995,47881498.1841,47380062.6930365,46002364.288205504,,311.82433,311.68618619999995,336.4293236,,,,,0.997423553,,,,0.0,,0.0,0.0,52367030.474149995,52721290.213676,,52802573.2206,22389621.4549,22148583.80455,71291663.969624,52810300.860800005,,0.0,,96.29806,,0.0,,99.87666,0.0,1.0,0.0
20,2024-01-21T00:09:30.000-0300,25438293.1936,308.05192409999995,47884528.438949995,47380601.470387496,46001416.279350005,,311.81969999999995,311.6832832,336.39241,,,,,0.9970989,,,,0.0,,0.0,0.0,52370449.85687201,52720393.493599996,,52811216.409644,22390535.042414002,22149946.9289,71276879.85635,52813537.0553,,0.0,,96.29806,,0.0,,99.87666,0.0,1.0,0.0
21,2024-01-21T00:10:00.000-0300,25434564.901403002,308.0638451,47887382.174100004,47381623.81365,46000398.0548805,,311.8269371,311.6848625,336.3912949,,,,,0.99733284,,,,0.0,,0.0,0.0,52376101.62539999,52728939.6948755,,52807162.7328,22389688.042053502,22149082.766902,71268254.71154201,52808976.96305,,0.0,,96.29806,,0.0,,99.87666,0.0,1.0,0.0
22,2024-01-21T00:10:30.000-0300,25446332.391070496,308.0474152,47882998.60155,47380472.709073,46001155.226327,,311.84686999999997,311.69552999999996,336.41088709999997,,,,,0.99733284,,,,0.0,,0.0,0.0,52374597.873689,52732485.09305,,52807162.7328,22389688.042053502,22149082.766902,71268254.71154201,52808976.96305,,0.0,,96.29806,,0.0,,99.87666,0.0,1.0,0.0
23,2024-01-21T00:11:00.000-0300,25441660.699143503,308.0562424,47889943.867213,47380296.189373,46001122.079849996,,311.8686279,311.7111763,336.41137,,,,,0.9971863000000001,,,1.0,0.0,,0.0,0.0,52375778.00595,52726650.1363,,52807158.221741,22393307.774635,22147703.0693135,71269804.946774,52811228.373757005,,0.0,,96.29806,,0.0,,99.87666,0.0,1.0,0.0
24,2024-01-21T00:11:30.000-0300,25441909.101588,308.07943,47885979.82315,47379275.6113075,46000457.8754455,,311.8472427,311.73436,336.4223351,,,,,0.997145538,,,1.0,0.0,,0.0,0.0,52383647.94064149,52731112.16205,,52809761.49505,22388417.688612502,22149811.4990635,71285421.44849999,52812742.71665,,0.0,,96.29806,,0.0,,99.87666,0.0,1.0,0.0
25,2024-01-21T00:12:00.000-0300,25446334.646599997,308.04872739999996,47883473.5376095,47380763.083979495,46000281.355745494,,311.82394259999995,311.7474655,336.4407257,,,,,0.9969016,,,1.0,0.0,,0.0,0.0,52381838.515650004,52730200.1436,,52817920.627849996,22395823.18036,22151307.895787,71287372.97185,52820489.97015,,0.0,,96.29806,,0.0,,99.87666,0.0,1.0,0.0
26,2024-01-21T00:12:30.000-0300,25444722.3352735,308.07049789999996,47887789.150074996,47381417.874,46000466.8975635,,311.81652679999996,311.7471146,336.45038,,,,,0.9969016,,,1.0,0.0,,0.0,0.0,52378445.414749995,52727263.7383905,,52817920.627849996,22395823.18036,22151307.895787,71287372.97185,52820489.97015,,0.0,,96.29806,,0.0,,99.87666,0.0,1.0,0.0
27,2024-01-21T00:13:00.000-0300,25439479.79825,308.0383629,47885126.6446,47379987.868296996,46001146.204209,,311.79381789999996,311.73940999999996,336.45907439999996,,,,,0.9973736,,,1.0,0.0,,0.0,0.0,52376950.09675801,52732985.232200004,,52809859.561550006,22388688.450219,22153914.601423502,71264340.1910615,52811922.684577,,0.0,,96.29806,,0.0,,99.87666,0.0,1.0,0.0
28,2024-01-21T00:13:30.000-0300,25456968.6836605,308.05611269999997,47879997.76665,47380361.9919945,46001220.146350004,,311.82808,311.74861999999996,336.43904,,,,,0.9972759000000001,,,1.0,0.0,,0.0,0.0,52377536.730560996,52728405.526650004,,52813174.209249996,22392869.3193135,22148150.546753,71287392.58514999,52822535.048941,,0.0,,96.29806,,0.0,,99.87666,0.0,1.0,0.0
29,2024-01-21T00:14:00.000-0300,25440011.710946,308.045916,47885332.58425,47379986.103099994,46002606.7085935,,311.8159,311.7499565,336.43507609999995,,,,,0.9972118000000001,,,1.0,0.0,1.0,0.0,0.0,52384113.65845,52732485.09305,,52816410.40375,22392887.06935,22149733.732329,71270990.0804265,52817279.7632725,,0.0,,96.29806,,0.0,,99.87666,0.0,1.0,0.0
30,2024-01-21T00:14:30.000-0300,25457592.6808,308.08243,47882478.8491,47379529.995808505,46001632.02565,,311.82173769999997,311.75453799999997,336.41409,,,,,0.9972118000000001,,,1.0,0.0,1.0,0.0,0.0,52385045.2902,52733867.8307,,52818434.9866425,22396275.070792,22147911.06836,71268573.62380001,52815969.104499996,,0.0,,96.29806,,0.0,,99.87666,0.0,1.0,0.0
31,2024-01-21T00:15:00.000-0300,25443049.41885,308.0447868,47884084.0996385,47380236.2707415,46000852.985373996,,311.8472771,311.75679629999996,336.3882164,,,,,0.9972233,,,1.0,0.0,1.0,0.0,0.0,52380834.706956,52733303.163793005,,52817655.848299995,22393330.231863502,22146326.4117865,71260571.3974,52816655.57,,0.0,,96.29806,,0.0,,99.87666,0.0,1.0,0.0
32,2024-01-21T00:15:30.000-0300,25436027.857449997,308.07658999999995,47884999.158149995,47378672.012,46000634.493212,,311.84218,311.76561,336.3936333,,,,,0.997193451,,,1.0,0.0,1.0,0.0,0.0,52388820.85045,52737692.424200006,,52814532.430275,22385082.250814497,22146887.2541,71290726.84615001,52817322.4222,,0.0,,96.29806,,0.0,,99.87666,0.0,1.0,0.0
33,2024-01-21T00:16:00.000-0300,25434849.196186498,308.04901729999995,47883123.4402045,47379179.898403496,46001347.6328,,311.8434052,311.74642,336.4017738,,,,,0.996938248,,,1.0,0.0,1.0,0.0,0.0,52382122.9085,52735038.940843,,52818339.175672,22393330.231863502,22149250.65675,71271319.4858,52827462.4983,,0.0,,96.29806,,0.0,,99.87666,0.0,1.0,0.0
34,2024-01-21T00:16:30.000-0300,25443959.181770504,308.0377373,47884535.9900705,47380447.01565,46001098.347757004,,311.86718599999995,311.73766559999996,336.4017,,,,,0.9972141999999999,,,1.0,0.0,1.0,0.0,0.0,52383260.4799,52734142.4169,,52818597.286699995,22389254.097790997,22146748.391936,71284332.91035001,52822304.2004,,0.0,,96.29806,,0.0,,99.87666,0.0,1.0,0.0
35,2024-01-21T00:17:00.000-0300,25448705.698436998,308.0217651,47884901.09165,47380329.33585,46000847.493650004,,311.8730263,311.7368034,336.42252199999996,,,,,0.9972182460000001,,,1.0,0.0,1.0,0.0,0.0,52380637.201025,52733315.127905995,,52825222.463307,22392013.3949015,22148163.981863502,71266764.296875,52822735.693,,0.0,,96.29806,,0.0,,99.87666,0.0,1.0,0.0
36,2024-01-21T00:17:30.000-0300,25440023.675059,308.060183,47882845.1274775,47379892.155393004,46000852.985373996,,311.8606857,311.74213,336.432032,,,,,0.997267456,,,1.0,0.0,1.0,0.0,0.0,52382054.26194999,52736084.133600004,,52822582.905393004,22390942.018388998,22146865.1891375,71275134.27264999,52822098.260749996,,0.0,,96.29806,,0.0,,99.87666,0.0,1.0,0.0
37,2024-01-21T00:18:00.000-0300,25439443.121379,308.05482329999995,47881737.7605595,47380603.92205,46000425.8077,,311.82122,311.7679276,336.4452576,,,,,0.997267456,,,1.0,0.0,1.0,0.0,0.0,52388320.71130001,52740546.15935,,52822582.905393004,22390942.018388998,22146865.1891375,71275134.27264999,52822098.260749996,,0.0,,96.29806,,0.0,,99.87666,0.0,1.0,0.0
38,2024-01-21T00:18:30.000-0300,25449941.6305365,308.0333847,47884515.0038395,47379111.0557205,46000751.192347,,311.84888689999997,311.76601639999996,336.47278439999997,,,,,0.997219238,,,1.0,0.0,1.0,0.0,0.0,52388301.098,52740967.845300004,,52823598.6782,22391036.2602955,22150339.1949,71278027.2344,52828541.2298,,0.0,,96.29806,,0.0,,99.87666,0.0,1.0,0.0
39,2024-01-21T00:19:00.000-0300,25441277.6513945,308.06867,47883512.47001,47379030.248924494,46002382.234375,,311.880278,311.7787079,336.4619621,,,,,0.9972289999999999,,,1.0,0.0,1.0,0.0,0.0,52392380.664400004,52745302.3846,,52824638.18309999,22387778.6872985,22149991.058825,71275516.732,52823785.004549995,,0.0,,96.29806,,0.0,,99.87666,0.0,1.0,0.0
40,2024-01-21T00:19:30.000-0300,25452446.6412125,308.04823999999996,47884096.94635,47379425.260786496,46000703.335895,,311.8430656,311.78977999999995,336.44878,,,,,0.9972274,,,1.0,0.0,1.0,0.0,0.0,52388006.898499995,52738761.34905,,52825809.09711,22396809.72935,22152253.551046498,71269005.11639999,52831149.7987,,0.0,,96.29806,,0.0,,99.87666,0.0,1.0,0.0
41,2024-01-21T00:20:00.000-0300,25443064.324958,308.06197199999997,47881135.33805,47380263.239029,46000439.929276,,311.81246799999997,311.77766269999995,336.4594749,,,,,0.9972193,,,1.0,0.0,1.0,0.0,0.0,52390974.194657,52743949.06690001,,52820744.943050005,22393656.499109,22147747.9837705,71274516.4537,52832287.37010001,,0.0,,96.29806,,0.0,,99.87666,0.0,1.0,0.0
42,2024-01-21T00:20:30.000-0300,25443315.6693975,308.03945389999996,47883994.2707245,47378926.984900005,46001457.46728,,311.8445648,311.78792,336.4701637,,,,,0.9973218540000001,,,1.0,0.0,1.0,0.0,0.0,52389536.7359,52739091.146689504,,52830507.65925801,22397415.388054,22149923.785206,71268524.59055,52831752.711542,,0.0,,96.29806,,0.0,,99.87666,0.0,1.0,0.0
43,2024-01-21T00:21:00.000-0300,25435052.684174,308.044474,47886442.4028305,47380766.025974505,46003112.8298,,311.8622345,311.77395479999996,336.44690549999996,,,,,0.9973218540000001,,,1.0,0.0,1.0,0.0,0.0,52392400.27769999,52744841.47205,,52830507.65925801,22397415.388054,22149923.785206,71268524.59055,52831752.711542,,0.0,,96.29806,,0.0,,99.87666,0.0,1.0,0.0
44,2024-01-21T00:21:30.000-0300,25420964.84305,308.053183,47884606.89215,47380296.189373,46001041.469187,,311.8417953,311.75609999999995,336.4124779,,,,,0.9972403,,,1.0,0.0,1.0,0.0,0.0,52392400.27769999,52744841.47205,,52828544.4659945,22394235.5817915,22149888.089,71263693.7366935,52830090.6805,,0.0,,96.29806,,0.0,,99.87666,0.0,1.0,0.0
45,2024-01-21T00:22:00.000-0300,25431477.571849998,308.0320953,47879762.40705,47379787.420370996,46000619.4890375,,311.85229,311.71159,336.42095409999996,,,,,0.997356644,,,1.0,0.0,1.0,0.0,0.0,52397624.08402199,52746998.935049996,,52828021.477350004,22392433.9040535,22150788.6336695,71275120.0530075,52834105.032677494,,0.0,,96.29806,,0.0,,99.87666,0.0,1.0,0.0
46,2024-01-21T00:22:30.000-0300,25440463.601377998,308.05364,47885236.282947004,47379326.507821,46001586.130527996,,311.82228319999996,311.699118,336.4427475,,,,,0.9973824,,,1.0,0.0,1.0,0.0,0.0,52393733.982099995,52745142.4381385,,52831287.0918,22389566.8318595,22148837.404519,71259096.869506,52836141.383549996,,0.0,,96.29806,,0.0,,99.87666,0.0,1.0,0.0
47,2024-01-21T00:23:00.000-0300,25427398.005450003,308.0477165,47884469.59905,47379525.19055,46001430.4989925,,311.80704,311.6943573,336.3866,,,,,0.9969231999999999,,,1.0,0.0,1.0,0.0,0.0,52397166.3096,52744498.2393,,52826874.099300005,22385526.6881925,22148653.3336985,71277938.97455001,52835499.636374,,0.0,,96.29806,,0.0,,99.87666,0.0,1.0,0.0
48,2024-01-21T00:23:30.000-0300,25456989.571824998,308.03878,47881103.2703045,47378874.617389,46000912.805939,,311.8328041,311.69656219999996,336.39173739999995,,,,,0.9969231999999999,,,1.0,0.0,1.0,0.0,0.0,52399402.2258,52749230.536324,,52834788.065850005,22392742.127063,22148629.4054725,71263189.77295001,52831477.34081,,0.0,,96.29806,,0.0,,99.87666,0.0,1.0,0.0
49,2024-01-21T00:24:00.000-0300,25428354.938357,308.0276131,47886574.0080735,47379066.1412635,46000742.170228995,,311.84105999999997,311.697142,336.4126076,,,,,0.9971301,,,1.0,0.0,1.0,0.0,0.0,52401592.443011,52753922.42995,,52833255.090322,22389204.7703415,22149606.5400785,71260963.6634,52842025.373550005,,0.0,,96.29806,,0.0,,99.87666,0.0,1.0,0.0
50,2024-01-21T00:24:30.000-0300,25445473.524663497,308.07048,47882857.0915905,47378024.773099996,46000227.4191705,,311.83108,311.70172349999996,336.42125,,,,,0.9973766999999999,,,1.0,0.0,1.0,0.0,0.0,52401592.443011,52753922.42995,,52832752.3033765,22390023.527549997,22142513.488199998,71267578.3468915,52836469.2198595,,0.0,,96.29806,,0.0,,99.87666,0.0,1.0,0.0
51,2024-01-21T00:25:00.000-0300,25434174.4006,308.05128709999997,47884688.5815445,47379823.31271,46000955.3668,,311.84478609999996,311.7191147,336.43568999999997,,,,,0.9971722409999999,,,1.0,0.0,1.0,0.0,0.0,52398054.988223,52748254.18625,,52838436.13965,22393529.3068585,22148282.2500625,71275030.32216,52838079.373723,,0.0,,96.29806,,0.0,,99.87666,0.0,1.0,0.0
52,2024-01-21T00:25:30.000-0300,25435570.475293998,308.06401999999997,47884214.62615,47379495.7706,46000873.8735385,,311.8745064,311.73442309999996,336.44487999999996,,,,,0.9973451,,,1.0,0.0,1.0,0.0,0.0,52401795.0484,52752657.3721,,52837867.353949994,22385169.235799998,22150068.923626,71259051.36665,52837223.449310996,,0.0,,96.29806,,0.0,,99.87666,0.0,1.0,0.0
53,2024-01-21T00:26:00.000-0300,25431039.410728,308.07262,47885556.4700695,47378814.796824,46002367.524399996,,311.86247,311.74735,336.4132942,,,,,0.9971657,,,1.0,0.0,1.0,0.0,0.0,52401065.7278395,52751539.414000005,,52838893.42373951,22391769.111250002,22146498.518494,71269547.52221149,52844040.934324495,,0.0,,96.29806,,0.0,,99.87666,0.0,1.0,0.0
54,2024-01-21T00:26:30.000-0300,25421867.05485,308.07372999999995,47883141.386374,47378560.412323,46001504.5392,,311.85751999999997,311.75117339999997,336.40526,,,,,0.9971657,,,1.0,0.0,1.0,0.0,0.0,52401245.876,52755485.413827,,52837331.2243945,22390915.148168,22147231.7617145,71268965.88980001,52836886.688949995,,0.0,,96.29806,,0.0,,99.87666,0.0,1.0,0.0
55,2024-01-21T00:27:00.000-0300,25433834.698244,308.06869739999996,47876461.5867265,47378282.0015295,46000754.134342,,311.8564743,311.7771439,336.40869369999996,,,,,0.9974639000000001,,,1.0,0.0,1.0,0.0,0.0,52406907.5492445,52755717.046900004,,52837955.6138,22390276.146854,22153610.7914065,71258835.62034999,52841796.3882725,,0.0,,96.29806,,0.0,,99.87666,0.0,1.0,0.0
56,2024-01-21T00:27:30.000-0300,25440999.829,308.06379549999997,47879143.019036,47379871.169162,46000852.985373996,,311.84675999999996,311.7741875,336.4127678,,,,,0.9973369,,,1.0,0.0,1.0,0.0,0.0,52404495.407543994,52754180.54097801,,52840234.188927494,22389173.290994998,22149941.7313755,71267102.6263,52843825.482223995,,0.0,,96.29806,,0.0,,99.87666,0.0,1.0,0.0
57,2024-01-21T00:28:00.000-0300,25439538.63815,308.0960449,47888752.751504004,47379931.0877935,46000641.554000005,,311.8593658,311.77899779999996,336.39802999999995,,,,,0.9972305,,,1.0,0.0,1.0,0.0,0.0,52406188.427600004,52752151.4470265,,52834517.990709,22388941.3637225,22150918.8659815,71272506.09045,52844408.38950001,,0.0,,96.29806,,0.0,,99.87666,0.0,1.0,0.0
58,2024-01-21T00:28:30.000-0300,25432721.349269502,308.09426349999995,47892246.2725,47379697.591457,46000912.805939,,311.86758999999995,311.79105219999997,336.41218,,,,,0.997346039,,,1.0,0.0,1.0,0.0,0.0,52402344.2208,52756760.278327,,52844633.94245,22387866.06455,22146173.8203125,71278350.85385,52845085.04835001,,0.0,,96.29806,,0.0,,99.87666,0.0,1.0,0.0
59,2024-01-21T00:29:00.000-0300,25435223.71215,308.07640299999997,47882746.2764455,47379718.577688,46001065.397413,,311.8482727,311.80409469999995,336.42449799999997,,,,,0.9972021,,,1.0,0.0,1.0,0.0,0.0,52410689.67995,52757203.244707495,,52843843.428393506,22390063.6367485,22144372.1425745,71275614.7985,52842442.8426405,,0.0,,96.29806,,0.0,,99.87666,0.0,1.0,0.0
60,2024-01-21T00:29:30.000-0300,25423243.320111,308.06892999999997,47882964.7686075,47379254.723143,45999768.76215,,311.8400368,311.81516,336.4332756,,,,,0.9972021,,,1.0,0.0,1.0,0.0,0.0,52414730.01975,52762611.12185,,52843843.428393506,22390063.6367485,22144372.1425745,71275614.7985,52842442.8426405,,0.0,,96.29806,,0.0,,99.87666,0.0,1.0,0.0
61,2024-01-21T00:30:00.000-0300,25450258.875664,308.0732864,47883365.8605925,47378096.4597115,46000577.614642,,311.83225,311.82258449999995,336.4800476,,,,,0.997207642,,,1.0,0.0,1.0,0.0,0.0,52404197.67765,52757065.5593415,,52837989.544809,22390606.827092,22153072.112122,71265154.24107799,52848559.936711006,,0.0,,96.29806,,0.0,,99.87666,0.0,1.0,0.0
62,2024-01-21T00:30:30.000-0300,25426993.285004497,308.0841354,47880079.750244,47380260.6893,46000805.0308555,,311.8292831,311.81660999999997,336.48283,,,,,0.9970361,,,1.0,0.0,1.0,0.0,0.0,52407757.4916,52762169.8226,,52840814.742607504,22392923.2558885,22150873.9515245,71279978.75775,52846542.904939,,0.0,,96.29806,,0.0,,99.87666,0.0,1.0,0.0
63,2024-01-21T00:31:00.000-0300,25443222.8984885,308.1099342,47888495.425008,47379358.4775,46001465.3126,,311.852713,311.7965034,336.48690639999995,,,,,0.9970361,,,1.0,0.0,1.0,0.0,0.0,52408149.7576,52763027.119943,,52848438.922649994,22392416.35015,22145738.4050525,71262513.1141,52850047.21325,,0.0,,96.29806,,0.0,,99.87666,0.0,1.0,0.0
64,2024-01-21T00:31:30.000-0300,25429067.1953465,308.06798399999997,47882841.695149995,47381361.583829,46001779.1254,,311.8727135,311.7329124,336.47029339999995,,,,,0.9972704,,,1.0,0.0,1.0,0.0,0.0,52411618.173572,52764224.2177085,,52841829.24055,22390720.584232,22150914.3549225,71275359.8256,52850645.4189,,0.0,,96.29806,,0.0,,99.87666,0.0,1.0,0.0
65,2024-01-21T00:32:00.000-0300,25421438.700378,308.10605999999996,47881776.69296,47379419.278730005,46001960.2542255,,311.87762999999995,311.702887,336.43904339999995,,,,,0.9974970999999999,,,1.0,0.0,1.0,0.0,0.0,52410709.29325,52765343.54873951,,52845928.420250006,22389593.800147,22149566.1366805,71256560.47755,52852243.90285,,0.0,,96.29806,,0.0,,99.87666,0.0,1.0,0.0
66,2024-01-21T00:32:30.000-0300,25443186.71195,308.09155999999996,47882925.836206995,47380116.6296115,46000612.13405,,311.90613779999995,311.692675,336.4421638,,,,,0.9971261,,,1.0,0.0,1.0,0.0,0.0,52410709.29325,52765343.54873951,,52847007.15175,22390298.11375,22145507.9487775,71271528.759711,52849674.56055,,0.0,,96.29806,,0.0,,99.87666,0.0,1.0,0.0
67,2024-01-21T00:33:00.000-0300,25446503.0267805,308.0902122,47883461.5734965,47379757.5100885,46001965.451749995,,311.92606,311.68996,336.47312769999996,,,,,0.9973117,,,1.0,0.0,1.0,0.0,0.0,52416544.25,52766680.88159999,,52849200.4090225,22392100.183754,22146856.1670195,71270309.40085,52852396.69045701,,0.0,,96.29806,,0.0,,99.87666,0.0,1.0,0.0
68,2024-01-21T00:33:30.000-0300,25416953.923199996,308.09657,47882306.3501265,47379434.2829045,46001924.3618865,,311.934832,311.6959938,336.45574999999997,,,,,0.9970749999999999,,,1.0,0.0,1.0,0.0,0.0,52416083.337450005,52765726.5964885,,52851380.91764999,22392149.60927,22140586.3834085,71273168.823857,52855372.224199995,,0.0,,96.29806,,0.0,,99.87666,0.0,1.0,0.0
69,2024-01-21T00:34:00.000-0300,25440056.625403,308.0986923,47881233.40455,47378856.6712195,46001421.574941,,311.9147438,311.70462,336.4478,,,,,0.9975350000000001,,,1.0,0.0,1.0,0.0,0.0,52412651.00995,52763224.625874005,,52851733.957049996,22394461.5270075,22147873.7050235,71277517.2886,52856519.602249995,,0.0,,96.29806,,0.0,,99.87666,0.0,1.0,0.0
70,2024-01-21T00:34:30.000-0300,25444988.6838875,308.07625809999996,47884377.41654,47378713.003797,46001445.6993,,311.8966431,311.715464,336.43948,,,,,0.9972418000000001,,,1.0,0.0,1.0,0.0,0.0,52416044.11085001,52767079.325789504,,52852253.7095,22394555.768914,22147765.92994,71276958.30955,52854970.151549995,,0.0,,96.29806,,0.0,,99.87666,0.0,1.0,0.0
71,2024-01-21T00:35:00.000-0300,25415312.5841895,308.1022362,47882246.529561505,47377414.113004506,46001771.672345996,,311.8503975,311.71813,336.43661999999995,,,,,0.9972418000000001,,,1.0,0.0,1.0,0.0,0.0,52417005.162549995,52768432.0550905,,52849769.096655995,22391738.122236002,22154234.788546,71269681.77525,52858711.388525,,0.0,,96.29806,,0.0,,99.87666,0.0,1.0,0.0
72,2024-01-21T00:35:30.000-0300,25429561.0582405,308.10402,47880821.525249995,47378470.583409,46001494.73255,,311.8271774,311.72972999999996,336.41436,,,,,0.9971496000000001,,,1.0,0.0,1.0,0.0,0.0,52412798.1097,52767906.71285,,52848389.8894,22394904.3953215,22145622.19625,71263891.24262449,52854012.826377004,,0.0,,96.29806,,0.0,,99.87666,0.0,1.0,0.0
73,2024-01-21T00:36:00.000-0300,25424426.5905,308.08626999999996,47880944.696774,47378297.005704,46001236.033123,,311.8589844,311.74839249999997,336.42087999999995,,,,,0.9971019,,,1.0,0.0,1.0,0.0,0.0,52418476.16005,52776326.898673,,52852749.82792349,22387226.5729035,22144580.141620997,71256933.13025,52860197.096,,0.0,,96.29806,,0.0,,99.87666,0.0,1.0,0.0
74,2024-01-21T00:36:30.000-0300,25429659.811205998,308.09025799999995,47885574.5143055,47378745.954141,46001065.397413,,311.87219469999997,311.74584,336.42755359999995,,,,,0.9971397000000001,,,1.0,0.0,1.0,0.0,0.0,52423055.865600005,52774094.709,,52856730.151025504,22393466.446232,22148434.8415365,71270235.85097499,52859569.4704,,0.0,,96.29806,,0.0,,99.87666,0.0,1.0,0.0
75,2024-01-21T00:37:00.000-0300,25434762.799599998,308.0883469,47881549.17868,47379021.2268065,46002056.065196,,311.84123999999997,311.73998489999997,336.4174751,,,,,0.9971397000000001,,,1.0,0.0,1.0,0.0,0.0,52417088.911341,52770371.320128,,52856730.151025504,22393466.446232,22148434.8415365,71270235.85097499,52859569.4704,,0.0,,96.29806,,0.0,,99.87666,0.0,1.0,0.0
76,2024-01-21T00:37:30.000-0300,25422638.838205,308.1172966,47881034.4276215,47376779.32855,46001340.768144995,,311.85146,311.7412056,336.41756669999995,,,,,0.9971726,,,1.0,0.0,1.0,0.0,0.0,52423271.611899994,52768181.299049996,,52856009.65645,22389529.468523,22154004.332271,71256285.89135,52858118.0862,,0.0,,96.29806,,0.0,,99.87666,0.0,1.0,0.0
77,2024-01-21T00:38:00.000-0300,25431134.3391,308.0968842,47882929.955,47378404.7807875,46001463.4493365,,311.87879,311.7433456,336.41743699999995,,,,,0.9970534000000001,,,1.0,0.0,1.0,0.0,0.0,52427723.831,52773104.23735,,52853073.055107504,22391076.6636935,22145572.280401498,71264860.9241765,52859647.9236,,0.0,,96.29806,,0.0,,99.87666,0.0,1.0,0.0
78,2024-01-21T00:38:30.000-0300,25407821.6765205,308.11631,47877960.925445,47377455.987399995,46001364.696371,,311.87731399999996,311.7400459,336.4150681,,,,,0.9970534000000001,,,1.0,0.0,1.0,0.0,0.0,52420790.52945001,52779713.91945,,52853073.055107504,22391076.6636935,22145572.280401498,71264860.9241765,52859647.9236,,0.0,,96.29806,,0.0,,99.87666,0.0,1.0,0.0
79,2024-01-21T00:39:00.000-0300,25446517.932888497,308.10758999999996,47880385.0312585,47377581.708652996,46001788.93205,,311.892775,311.7296623,336.4261459,,,,,0.997156143,,,1.0,0.0,1.0,0.0,0.0,52422594.953049995,52775634.35305,,52861540.607049994,22389426.2044985,22147973.9289865,71281028.0693,52865394.6205,,0.0,,96.29806,,0.0,,99.87666,0.0,1.0,0.0
80,2024-01-21T00:39:30.000-0300,25442490.439799998,308.0952972,47883297.017909504,47378473.6234705,46001224.06901,,311.90261999999996,311.73361,336.4230179,,,,,0.9971898,,,1.0,0.0,1.0,0.0,0.0,52423918.8508,52773118.653125495,,52861033.79937799,22390081.582918,22147929.112596,71276562.6112225,52868934.821150005,,0.0,,96.29806,,0.0,,99.87666,0.0,1.0,0.0
81,2024-01-21T00:40:00.000-0300,25426387.9205,308.098082,47880926.7506045,47377907.0933,46002906.89015,,311.90886539999997,311.7392334,336.40009,,,,,0.997076645,,,1.0,0.0,1.0,0.0,0.0,52425076.0355,52779678.811643004,,52859956.342742495,22389386.0953,22151593.661567997,71260306.61785,52860848.25755999,,0.0,,96.29806,,0.0,,99.87666,0.0,1.0,0.0
82,2024-01-21T00:40:30.000-0300,25423087.688575502,308.0745148,47882794.230964,47377965.933199994,45999584.004864,,311.90008,311.755175,336.3982071,,,,,0.997139359,,,1.0,0.0,1.0,0.0,0.0,52430273.56,52777438.776650004,,52859878.576008,22388281.474244,22151548.8451775,71273198.7341395,52866241.130528,,0.0,,96.29806,,0.0,,99.87666,0.0,1.0,0.0
83,2024-01-21T00:41:00.000-0300,25427017.213230498,308.0981544,47884850.1951365,47377551.7983705,46001122.079849996,,311.88457,311.78265,336.43478,,,,,0.9972359000000001,,,1.0,0.0,1.0,0.0,0.0,52425085.842149995,52775869.71264999,,52861045.763491,22392896.876,22144879.440579,71263376.0993,52865129.84095,,0.0,,96.29806,,0.0,,99.87666,0.0,1.0,0.0
84,2024-01-21T00:41:30.000-0300,25409165.3837035,308.09628,47884425.272992,47379211.37775,46000900.841826,,311.88093,311.78839,336.44374999999997,,,,,0.9972707,,,1.0,0.0,1.0,0.0,0.0,52425085.842149995,52775869.71264999,,52861566.496606,22389728.445451498,22149389.518914,71264950.65502399,52867150.010850005,,0.0,,96.29806,,0.0,,99.87666,0.0,1.0,0.0
85,2024-01-21T00:42:00.000-0300,25442328.1397425,308.11001,47883219.1531085,47379263.6471945,46001550.238189,,311.85096999999996,311.74288409999997,336.46231309999996,,,,,0.9971095,,,1.0,0.0,1.0,0.0,0.0,52427772.864250004,52778804.9410615,,52862242.861256495,22391190.5189,22148823.871342,71276418.9438,52870346.978750005,,0.0,,96.29806,,0.0,,99.87666,0.0,1.0,0.0
86,2024-01-21T00:42:30.000-0300,25429450.341162,308.1132568,47878670.2404395,47379452.229074,46001149.2442705,,311.8790535,311.7242149,336.42255,,,,,0.9971261,,,1.0,0.0,1.0,0.0,0.0,52425402.793078,52779811.98595,,52861093.619943,22393334.7429225,22146033.1929515,71253873.45545,52869660.51325,,0.0,,96.29806,,0.0,,99.87666,0.0,1.0,0.0
87,2024-01-21T00:43:00.000-0300,25420288.184200004,308.09907,47889016.158123,47378721.04525,46001916.4185,,311.8717026,311.713324,336.4408325,,,,,0.997282257,,,1.0,0.0,1.0,0.0,0.0,52427311.951699995,52779262.81355,,52862325.13905,22392755.66024,22147032.784786,71273156.859744,52867977.0056445,,0.0,,96.29806,,0.0,,99.87666,0.0,1.0,0.0
88,2024-01-21T00:43:30.000-0300,25426770.379849996,308.15177759999995,47880962.6429435,47378934.437954,46001086.383644,,311.85128249999997,311.70178,336.42969,,,,,0.9972504999999999,,,1.0,0.0,1.0,0.0,0.0,52430204.91345,52782839.102672,,52865512.3003,22392923.2558885,22151276.416440498,71267596.29306099,52866360.869724505,,0.0,,96.29806,,0.0,,99.87666,0.0,1.0,0.0
89,2024-01-21T00:44:00.000-0300,25436312.250299998,308.08477999999997,47881900.25675,47378642.59205,46000604.5829295,,311.85700999999995,311.701033,336.4403175,,,,,0.9972504999999999,,,1.0,0.0,1.0,0.0,0.0,52433375.501461506,52782629.632628,,52861506.67604101,22389652.1497145,22149348.72325,71272457.0572,52872873.0737235,,0.0,,96.29806,,0.0,,99.87666,0.0,1.0,0.0
90,2024-01-21T00:44:30.000-0300,25439335.3462955,308.12897339999995,47882047.3565,47378652.3987,46001098.347757004,,311.87509769999997,311.71285,336.43187559999996,,,,,0.9970448000000001,,,1.0,0.0,1.0,0.0,0.0,52431391.51809999,52785849.842288494,,52863933.42965,22391456.7694475,22148454.2587035,71265925.8283,52866953.877849996,,0.0,,96.29806,,0.0,,99.87666,0.0,1.0,0.0
91,2024-01-21T00:45:00.000-0300,25434798.299673,308.11570209999996,47885727.1057795,47378359.866330504,46001765.690289505,,311.86408,311.72213,336.44179379999997,,,,,0.997258453,,,1.0,0.0,1.0,0.0,0.0,52431401.324750006,52784509.371300004,,52871909.472294495,22394935.874668,22150390.581746,71276227.4199255,52868635.326059,,0.0,,96.29806,,0.0,,99.87666,0.0,1.0,0.0
92,2024-01-21T00:45:30.000-0300,25452350.830241997,308.1348137,47886229.892725,47379260.411,46001828.15865,,311.8387474,311.73164219999995,336.4282249,,,,,0.9972177999999999,,,1.0,0.0,1.0,0.0,0.0,52436108.51674999,52784269.696774006,,52870891.9342905,22389728.445451498,22149860.9245795,71282224.4806,52878917.990849994,,0.0,,96.29806,,0.0,,99.87666,0.0,1.0,0.0
93,2024-01-21T00:46:00.000-0300,25465548.9140115,308.13790739999996,47888284.3859,47382506.41215,46000421.9831065,,311.86125999999996,311.75036,336.43676999999997,,,,,0.9969969000000001,,,1.0,0.0,1.0,0.0,0.0,52437319.932224505,52786147.08185,,52873782.9347105,22388534.3877475,22149570.549673002,71275676.67846149,52872308.30875,,0.0,,96.29806,,0.0,,99.87666,0.0,1.0,0.0
94,2024-01-21T00:46:30.000-0300,25474960.257949997,308.10476,47888666.84525,47382025.8863,46001035.4871305,,311.8706726,311.7643341,336.45677409999996,,,,,0.9969969000000001,,,1.0,0.0,1.0,0.0,0.0,52433794.14735,52787388.1134075,,52873782.9347105,22388534.3877475,22149570.549673002,71275676.67846149,52872308.30875,,0.0,,96.29806,,0.0,,99.87666,0.0,1.0,0.0
95,2024-01-21T00:47:00.000-0300,25488024.480947,308.13077,47893834.9498,47383863.5544435,46002004.67835,,311.84500729999996,311.79285,336.438044,,,,,0.9974763489999999,,,1.0,0.0,1.0,0.0,0.0,52439085.619557,52788588.9377,,52871690.489800006,22394171.7405,22151113.92025,71264597.5175575,52878882.588843495,,0.0,,96.29806,,0.0,,99.87666,0.0,1.0,0.0
96,2024-01-21T00:47:30.000-0300,25478706.39825,308.13154,47890446.6541585,47383771.47,46001975.2584,,311.8284821,311.79998,336.42171709999997,,,,,0.997061844,,,1.0,0.0,1.0,0.0,0.0,52435716.250750005,52791785.905600004,,52875515.0833,22393909.314546,22150430.985144,71278932.780461,52877116.803444505,,0.0,,96.29806,,0.0,,99.87666,0.0,1.0,0.0
97,2024-01-21T00:48:00.000-0300,25475891.8897,308.1301064,47895369.788591504,47384695.5506295,46001646.049159504,,311.84526289999997,311.78891,336.41384,,,,,0.99733284,,,1.0,0.0,1.0,0.0,0.0,52437118.6017,52787298.38255999,,52873553.7533,22389457.5857785,22149340.1914645,71275536.3453,52874887.4577,,0.0,,96.29806,,0.0,,99.87666,0.0,1.0,0.0
98,2024-01-21T00:48:30.000-0300,25462093.93315,308.12842409999996,47888421.679000005,47382480.914859995,46001092.6599,,311.82029,311.7898926,336.43053,,,,,0.9972034,,,1.0,0.0,1.0,0.0,0.0,52442826.072000004,52794374.8612,,52872141.5957,22392335.151088,22144309.380014498,71268455.944,52876224.9866935,,0.0,,96.29806,,0.0,,99.87666,0.0,1.0,0.0
99,2024-01-21T00:49:00.000-0300,25464354.758240998,308.1460747,47885481.7433965,47380718.1695225,46001472.4714545,,311.8128036,311.78884999999997,336.44258729999996,,,,,0.9972034,,,1.0,0.0,1.0,0.0,0.0,52440839.440843,52790560.07435,,52872141.5957,22392335.151088,22144309.380014498,71268455.944,52876224.9866935,,0.0,,96.29806,,0.0,,99.87666,0.0,1.0,0.0
100,2024-01-21T00:49:30.000-0300,25451794.204788,308.13448559999995,47887169.565928005,47380305.1134245,46001247.997236,,311.79989,311.7494339,336.44310229999996,,,,,0.9971555,,,1.0,0.0,1.0,0.0,0.0,52440869.3511255,52800935.510050006,,52874269.63875,22394850.556813,22147513.114503,71273893.0449595,52873210.52055,,0.0,,96.29806,,0.0,,99.87666,0.0,1.0,0.0
101,2024-01-21T00:50:00.000-0300,25450528.264339503,308.1536774,47878631.308038995,47381226.9385245,46001274.867456995,,311.8385643,311.74079739999996,336.44907,,,,,0.9971555,,,1.0,0.0,1.0,0.0,0.0,52446503.56575,52789412.6963,,52873200.7139,22390624.7732615,22143960.6555405,71267337.9859,52877434.048572,,0.0,,96.29806,,0.0,,99.87666,0.0,1.0,0.0
102,2024-01-21T00:50:30.000-0300,25478651.1868105,308.16416399999997,47885071.727359995,47380976.57475,46001517.287845,,311.88624419999996,311.72857,336.43961559999997,,,,,0.9971138,,,1.0,0.0,1.0,0.0,0.0,52445807.2936,52797557.51139101,,52873367.42695001,22390244.765574,22148083.6654,71265798.34185,52882889.6841,,0.0,,96.29806,,0.0,,99.87666,0.0,1.0,0.0
103,2024-01-21T00:51:00.000-0300,25445841.568237998,308.1392921,47881303.816297,47381822.496378995,46001224.06901,,311.8775124,311.7215523,336.4605545,,,,,0.9971419,,,1.0,0.0,1.0,0.0,0.0,52447830.5035615,52800478.422093496,,52879614.263,22394217.635622002,22151140.3001385,71268164.882628,52886420.078099996,,0.0,,96.29806,,0.0,,99.87666,0.0,1.0,0.0
104,2024-01-21T00:51:30.000-0300,25463819.903550003,308.1533455,47887999.99305,47381903.303175,46001900.4336605,,311.8836273,311.7179,336.454882,,,,,0.9969160460000001,,,1.0,0.0,1.0,0.0,0.0,52444708.9488,52800077.428174995,,52876789.9478,22390995.8568975,22144309.380014498,71270020.39887449,52880516.4748,,0.0,,96.29806,,0.0,,99.87666,0.0,1.0,0.0
105,2024-01-21T00:52:00.000-0300,25450450.399538502,308.16206999999997,47885607.17045,47381077.289045505,46002043.90495,,311.9028839,311.7201561,336.45436709999996,,,,,0.9969160460000001,,,1.0,0.0,1.0,0.0,0.0,52442557.2717235,52797042.27,,52878804.724042505,22391615.4410445,22148096.7082445,71269348.34915,52883174.07695,,0.0,,96.29806,,0.0,,99.87666,0.0,1.0,0.0
106,2024-01-21T00:52:30.000-0300,25474491.2058805,308.16074599999996,47886293.63595,47381184.9660625,46001304.875806,,311.87398759999996,311.74178539999997,336.46167219999995,,,,,0.9973985999999999,,,1.0,0.0,1.0,0.0,0.0,52440737.255550005,52795228.039749995,,52882934.6966235,22395510.446291503,22152289.541452,71263232.8241435,52885243.2801,,0.0,,96.29806,,0.0,,99.87666,0.0,1.0,0.0
107,2024-01-21T00:53:00.000-0300,25460397.3827,308.16096339999996,47880818.975521,47380098.683442,46001723.815894,,311.86526999999995,311.74890999999997,336.46531,,,,,0.9971347,,,1.0,0.0,1.0,0.0,0.0,52440433.249400005,52799003.6,,52879481.088693,22391525.6121305,22145060.471338,71266824.11744,52884007.6422,,0.0,,96.29806,,0.0,,99.87666,0.0,1.0,0.0
108,2024-01-21T00:53:30.000-0300,25454077.6832405,308.1660179,47884021.239012,47380403.866390005,46001256.9212875,,311.87717999999995,311.76415999999995,336.46223999999995,,,,,0.9973991999999999,,,1.0,0.0,1.0,0.0,0.0,52446297.6261,52798346.55445,,52882477.804800004,22389828.767481,22146743.978943497,71278454.019808,52888263.7283,,0.0,,96.29806,,0.0,,99.87666,0.0,1.0,0.0
109,2024-01-21T00:54:00.000-0300,25464863.527242996,308.16109309999996,47883930.2333,47379515.3839,46003055.558964,,311.9044365,311.78090999999995,336.46707,,,,,0.9972832490000001,,,1.0,0.0,1.0,0.0,0.0,52443610.603999995,52800322.790558,,52876440.438793994,22389855.637702,22148571.055905,71270338.82079999,52890244.67160001,,0.0,,96.29806,,0.0,,99.87666,0.0,1.0,0.0
110,2024-01-21T00:54:30.000-0300,25468344.103461,308.14288999999997,47883677.025597,47380502.6193555,46001602.6057,,311.91674,311.78415529999995,336.4398026,,,,,0.9970305,,,1.0,0.0,1.0,0.0,0.0,52447010.4714885,52799954.84505001,,52886041.2472105,22388607.643423002,22149602.029019497,71268745.5343745,52888351.98815,,0.0,,96.29806,,0.0,,99.87666,0.0,1.0,0.0
111,2024-01-21T00:55:00.000-0300,25446446.1482105,308.144236,47882037.54985,47378006.728864,46001463.4493365,,311.9312233,311.78177999999997,336.44741669999996,,,,,0.9970305,,,1.0,0.0,1.0,0.0,0.0,52451259.791,52803308.719349995,,52886041.2472105,22388607.643423002,22149602.029019497,71268745.5343745,52888351.98815,,0.0,,96.29806,,0.0,,99.87666,0.0,1.0,0.0
112,2024-01-21T00:55:30.000-0300,25438739.788441002,308.147364,47887794.053399995,47378766.8423055,46001873.465373,,311.9189247,311.78803999999997,336.4506859,,,,,0.9975059000000001,,,1.0,0.0,1.0,0.0,0.0,52451191.14445,52802328.054349996,,52889033.942591,22392185.501609,22150041.9553385,71276915.748689,52888665.80095,,0.0,,96.29806,,0.0,,99.87666,0.0,1.0,0.0
113,2024-01-21T00:56:00.000-0300,25462064.5132,308.15216999999996,47881594.093136996,47378413.704839,46001355.674253,,311.91389,311.7596954,336.4540123,,,,,0.9971578,,,1.0,0.0,1.0,0.0,0.0,52449686.019807994,52804871.8012935,,52885645.35275,22386226.981069,22154254.205713,71280070.0576615,52891676.4425,,0.0,,96.29806,,0.0,,99.87666,0.0,1.0,0.0
114,2024-01-21T00:56:30.000-0300,25459832.715793,308.15686999999997,47877715.4649955,47378428.7090135,46001524.152499996,,311.92060699999996,311.7512344,336.45468999999997,,,,,0.9971578,,,1.0,0.0,1.0,0.0,0.0,52447415.5842,52799229.15295,,52885645.35275,22386226.981069,22154254.205713,71280070.0576615,52891676.4425,,0.0,,96.29806,,0.0,,99.87666,0.0,1.0,0.0
115,2024-01-21T00:57:00.000-0300,25455042.951800004,308.1503929,47882267.5157925,47377108.9300565,46001119.333988,,311.8806442,311.761145,336.44377,,,,,0.9973228000000001,,,1.0,0.0,1.0,0.0,0.0,52448536.7784945,52804440.799026005,,52882860.26414999,22393294.3395245,22151367.716352,71267455.6657,52891460.6962,,0.0,,96.29806,,0.0,,99.87666,0.0,1.0,0.0
116,2024-01-21T00:57:30.000-0300,25415326.0193,308.1563,47881543.1966235,47376759.71525,46001463.4493365,,311.9062828,311.7528557,336.4519371,,,,,0.9975797,,,1.0,0.0,1.0,0.0,0.0,52449161.167899996,52800788.410299994,,52882090.7363245,22391384.9847695,22150290.161650002,71261616.78628999,52892402.1346,,0.0,,96.29806,,0.0,,99.87666,0.0,1.0,0.0
117,2024-01-21T00:58:00.000-0300,25470486.954552498,308.10951,47879175.96938,47376622.42215,46001197.1007225,,311.88261,311.7391724,336.44739,,,,,0.9972386,,,1.0,0.0,1.0,0.0,0.0,52451357.8575,52808403.274025,,52889077.68025,22393819.5836985,22149625.9572455,71251647.3459,52895706.975650005,,0.0,,96.29806,,0.0,,99.87666,0.0,1.0,0.0
118,2024-01-21T00:58:30.000-0300,25447595.389523998,308.11063229999996,47879713.373799995,47377255.539474,46002373.212257,,311.88545999999997,311.7329124,336.42684779999996,,,,,0.9972347,,,1.0,0.0,1.0,0.0,0.0,52451357.8575,52808403.274025,,52885993.292692006,22393945.3049515,22149612.522135,71288079.05065,52891709.4909105,,0.0,,96.29806,,0.0,,99.87666,0.0,1.0,0.0
119,2024-01-21T00:59:00.000-0300,25457929.3430945,308.1340965,47881841.41685,47375592.723900005,46001634.0850465,,311.9014572,311.72844999999995,336.4176048,,,,,0.9972173999999999,,,1.0,0.0,1.0,0.0,0.0,52455015.73795,52805083.723,,52890244.67160001,22390910.637109,22151045.273700003,71268883.121674,52894827.907543994,,0.0,,96.29806,,0.0,,99.87666,0.0,1.0,0.0
120,2024-01-21T00:59:30.000-0300,25454676.183089998,308.13610309999996,47877523.941121005,47376563.58225,46001795.6986385,,311.9047379,311.73135219999995,336.41348,,,,,0.9971915,,,1.0,0.0,1.0,0.0,0.0,52455015.73795,52805083.723,,52892951.307,22389638.714604,22152497.5404985,71275167.9094595,52899652.2890115,,0.0,,96.29806,,0.0,,99.87666,0.0,1.0,0.0
121,2024-01-21T01:00:00.000-0300,25441301.5796205,308.14302,47883994.2707245,47376067.365760006,46001478.453511,,311.87104,311.75082629999997,336.42249999999996,,,,,0.9973036999999999,,,1.0,0.0,1.0,0.0,0.0,52457107.9867275,52805338.6959,,52895481.422699995,22389019.2285235,22147580.388122,71266828.0401,52895330.694489494,,0.0,,96.29806,,0.0,,99.87666,0.0,1.0,0.0
122,2024-01-21T01:00:30.000-0300,25455672.8329295,308.1152138,47880370.41935,47375528.6864755,46002774.304242,,311.84973749999995,311.7614349,336.40682999999996,,,,,0.997403,,,1.0,0.0,1.0,0.0,0.0,52456329.829050004,52807254.032711506,,52892014.771924995,22395722.956397,22149322.1472285,71271250.83925,52894720.230527,,0.0,,96.29806,,0.0,,99.87666,0.0,1.0,0.0
123,2024-01-21T01:01:00.000-0300,25450433.8263,308.1363129,47879472.2282765,47375618.5153895,46002038.02096,,311.89482,311.7671722,336.38165,,,,,0.9973359,,,1.0,0.0,1.0,0.0,0.0,52459873.265894495,52811036.35955,,52892500.2011,22395899.5741635,22149486.016349997,71270044.6213,52894745.92395,,0.0,,96.29806,,0.0,,99.87666,0.0,1.0,0.0
124,2024-01-21T01:01:30.000-0300,25439906.975924,308.1080421,47879154.39475,47376088.351991,46001641.8323,,311.8904976,311.7716354,336.38811,,,,,0.9971615,,,1.0,0.0,1.0,0.0,0.0,52458442.76985899,52808888.703200005,,52893199.9055775,22390801.391028,22152751.630799998,71273829.9882,52897727.14555,,0.0,,96.29806,,0.0,,99.87666,0.0,1.0,0.0
125,2024-01-21T01:02:00.000-0300,25468284.282896,308.1227859,47875725.3034445,47374382.485223494,46000766.1965215,,311.9126457,311.79470289999995,336.39503329999997,,,,,0.9971026000000001,,,1.0,0.0,1.0,0.0,0.0,52462237.551143005,52813520.8743275,,52899819.88466,22392017.9059605,22150819.72075,71250848.888457,52900969.027907,,0.0,,96.29806,,0.0,,99.87666,0.0,1.0,0.0
126,2024-01-21T01:02:30.000-0300,25431787.658123,308.10774,47878089.588693,47375636.461559,46002313.391692,,311.9145264,311.79418,336.40709,,,,,0.9971026000000001,,,1.0,0.0,1.0,0.0,0.0,52461836.557224505,52810722.54675,,52899060.84995,22385607.4949885,22150263.3894955,71265513.949,52900891.2611725,,0.0,,96.29806,,0.0,,99.87666,0.0,1.0,0.0
127,2024-01-21T01:03:00.000-0300,25455349.605745498,308.13797609999995,47876182.9798,47373358.965163,46001831.590977505,,311.906382,311.8032249,336.4082436,,,,,0.9973634,,,1.0,0.0,1.0,0.0,0.0,52456349.44235,52812948.6563,,52899496.657476,22390099.5290875,22149127.681359,71264723.23881051,52905248.846099995,,0.0,,96.29806,,0.0,,99.87666,0.0,1.0,0.0
128,2024-01-21T01:03:30.000-0300,25456355.1796365,308.1219238,47878912.562761,47373601.97395,46001481.395506,,311.90020999999996,311.80102389999996,336.4104675,,,,,0.9972346000000001,,,1.0,0.0,1.0,0.0,0.0,52461651.015406504,52814145.0676,,52898452.83764999,22391393.908821,22148385.416020498,71253566.2131055,52906361.998941496,,0.0,,96.29806,,0.0,,99.87666,0.0,1.0,0.0
129,2024-01-21T01:04:00.000-0300,25453807.3139,308.12770689999996,47878421.837995,47371742.9273095,46000406.1944,,311.8915657,311.7853722,336.4318222,,,,,0.99722496,,,1.0,0.0,1.0,0.0,0.0,52462913.9157935,52812934.2405245,,52903493.45575,22388068.9641385,22152733.97883,71264974.58325,52903797.4619,,0.0,,96.29806,,0.0,,99.87666,0.0,1.0,0.0
130,2024-01-21T01:04:30.000-0300,25452919.419809002,308.1058144,47880872.8140295,47372052.52325,46001589.1705895,,311.8776039,311.7717537,336.4604324,,,,,0.9972757,,,1.0,0.0,1.0,0.0,0.0,52465469.62685,52814586.366849996,,52898286.12460001,22388353.258922,22147367.77995,71261552.0624,52904709.480349995,,0.0,,96.29806,,0.0,,99.87666,0.0,1.0,0.0
131,2024-01-21T01:05:00.000-0300,25454866.4321,308.1176476,47877697.518826,47371332.911272995,46002583.2707,,311.88347469999997,311.77517,336.43125999999995,,,,,0.9970672,,,1.0,0.0,1.0,0.0,0.0,52461890.1996,52818728.2054775,,52901908.7991765,22395239.586618498,22149458.361596998,71259149.43315001,52901571.352350004,,0.0,,96.29806,,0.0,,99.87666,0.0,1.0,0.0
132,2024-01-21T01:05:30.000-0300,25449753.1467235,308.15470999999997,47881811.9969,47370659.978949994,46002220.42465,,311.8838829,311.7734322,336.4143166,,,,,0.9970672,,,1.0,0.0,1.0,0.0,0.0,52461380.2538,52814807.7029405,,52901908.7991765,22395239.586618498,22149458.361596998,71259149.43315001,52901571.352350004,,0.0,,96.29806,,0.0,,99.87666,0.0,1.0,0.0
133,2024-01-21T01:06:00.000-0300,25451096.853906497,308.12902679999996,47880432.8877105,47371234.1583075,46002132.1648,,311.8813042,311.7778954,336.4190926,,,,,0.9972536,,,1.0,0.0,1.0,0.0,0.0,52462321.692200005,52813042.015608,,52903493.45575,22389692.5531125,22148832.89346,71262405.24095,52907769.15515,,0.0,,96.29806,,0.0,,99.87666,0.0,1.0,0.0
134,2024-01-21T01:06:30.000-0300,25454219.193199996,308.1277679,47878352.995312,47370931.819288,46001843.5550905,,311.8361572,311.7690262,336.41907729999997,,,,,0.9973829000000001,,,1.0,0.0,1.0,0.0,0.0,52463478.8769,52814390.23385,,52904170.1146,22385851.386374,22146191.766482,71270025.008,52902291.846925505,,0.0,,96.29806,,0.0,,99.87666,0.0,1.0,0.0
135,2024-01-21T01:07:00.000-0300,25443995.074109502,308.13347,47875695.393162005,47370973.79175,46001508.3637935,,311.85593639999996,311.7839264,336.41876449999995,,,,,0.9973829000000001,,,1.0,0.0,1.0,0.0,0.0,52467558.4433,52822784.72625,,52901659.61220001,22390924.0722195,22148805.9251725,71269142.4095,52901875.3585,,0.0,,96.29806,,0.0,,99.87666,0.0,1.0,0.0
136,2024-01-21T01:07:30.000-0300,25439509.2182,308.09035,47880350.80605,47369471.41297,46001795.6986385,,311.8489441,311.82844,336.4267754,,,,,0.9973072999999999,,,1.0,0.0,1.0,0.0,0.0,52463871.142900005,52818185.4074,,52901953.8117,22392416.35015,22151222.577932,71276903.784576,52906224.3135755,,0.0,,96.29806,,0.0,,99.87666,0.0,1.0,0.0
137,2024-01-21T01:08:00.000-0300,25437943.684594,308.0987457,47873812.908628,47369680.883014,46001780.694464006,,311.8418,311.82104999999996,336.4206871,,,,,0.997431641,,,1.0,0.0,1.0,0.0,0.0,52466277.792876504,52819244.5256,,52903071.7698,22391176.985723,22149982.1347735,71268838.40335001,52908004.51475,,0.0,,96.29806,,0.0,,99.87666,0.0,1.0,0.0
138,2024-01-21T01:08:30.000-0300,25458683.474479496,308.10208,47871969.454561,47370049.024655,46001658.0132725,,311.8459,311.820784,336.42176279999995,,,,,0.997431641,,,1.0,0.0,1.0,0.0,0.0,52466277.792876504,52819244.5256,,52905091.9397,22392086.7486435,22151792.736563,71273785.269876,52904856.58010001,,0.0,,96.29806,,0.0,,99.87666,0.0,1.0,0.0
139,2024-01-21T01:09:00.000-0300,25432903.949092496,308.07942429999997,47874758.661954,47371048.518423,46002908.9495465,,311.8625664,311.8175377,336.4289879,,,,,0.9973428,,,1.0,0.0,1.0,0.0,0.0,52468911.761,52821470.63515,,52903061.96315,22391484.7184,22146444.6799855,71276167.501294,52907955.4815,,0.0,,96.29806,,0.0,,99.87666,0.0,1.0,0.0
140,2024-01-21T01:09:30.000-0300,25457492.3587705,308.11514999999997,47876736.859391995,47371201.207963504,46002651.91725,,311.87402569999995,311.77946319999995,336.40652309999996,,,,,0.997244339,,,1.0,0.0,1.0,0.0,0.0,52469887.0323425,52824010.5575,,52904470.590356,22389367.854930997,22148832.89346,71275365.513457,52910324.375874005,,0.0,,96.29806,,0.0,,99.87666,0.0,1.0,0.0
141,2024-01-21T01:10:00.000-0300,25434103.988853,308.07451,47873199.404603995,47370679.59225,46000602.3274,,311.86971,311.75633469999997,336.42158739999996,,,,,0.9971888,,,1.0,0.0,1.0,0.0,0.0,52465410.78695,52818332.507149994,,52905748.98525,22389524.957464002,22150136.197244998,71271123.3528,52911060.659155995,,0.0,,96.29806,,0.0,,99.87666,0.0,1.0,0.0
142,2024-01-21T01:10:30.000-0300,25443059.2255,308.0754227,47878335.0491425,47370479.928856,46002373.212257,,311.89200999999997,311.74502789999997,336.44426189999996,,,,,0.9972217999999999,,,1.0,0.0,1.0,0.0,0.0,52468564.3113905,52824059.590749994,,52901046.892708,22394275.985189497,22149259.3846685,71276664.11005001,52910848.44324999,,0.0,,96.29806,,0.0,,99.87666,0.0,1.0,0.0
143,2024-01-21T01:11:00.000-0300,25447691.102428,308.04424,47874680.8952195,47370248.09965,46002050.0831395,,311.873362,311.7373833,336.43870389999995,,,,,0.9972217999999999,,,1.0,0.0,1.0,0.0,0.0,52469558.999900006,52821862.90115,,52906866.94335,22391470.3026245,22148036.789613,71272025.56459999,52906307.9643,,0.0,,96.29806,,0.0,,99.87666,0.0,1.0,0.0
144,2024-01-21T01:11:30.000-0300,25430126.705812503,308.11246339999997,47873544.99095,47368624.4126095,46001011.5589045,,311.8688759,311.74057,336.44185,,,,,0.9971519000000001,,,1.0,0.0,1.0,0.0,0.0,52469558.999900006,52821862.90115,,52899247.1763,22391800.982862502,22150167.6765915,71278154.72084999,52911246.200973995,,0.0,,96.29806,,0.0,,99.87666,0.0,1.0,0.0
145,2024-01-21T01:12:00.000-0300,25454228.99985,308.07597,47874196.0544435,47368498.6913565,46003220.70295,,311.8603462,311.7470573,336.43448,,,,,0.9975103,,,1.0,0.0,1.0,0.0,0.0,52473975.130528,52822487.0944225,,52905494.01235,22394275.985189497,22150833.5481265,71268956.08315,52915143.75595,,0.0,,96.29806,,0.0,,99.87666,0.0,1.0,0.0
146,2024-01-21T01:12:30.000-0300,25447682.1783765,308.06917799999997,47872750.6523,47367621.87878,46001965.451749995,,311.89504999999997,311.76189999999997,336.39975,,,,,0.997467651,,,1.0,0.0,1.0,0.0,0.0,52473693.875806,52826712.877973996,,52909249.9593,22391783.036693,22150697.333758,71266381.249126,52913688.25295701,,0.0,,96.29806,,0.0,,99.87666,0.0,1.0,0.0
147,2024-01-21T01:13:00.000-0300,25450282.80389,308.05824509999997,47870985.455299996,47366637.29112,46001559.260307,,311.9060272,311.79099499999995,336.4081139,,,,,0.99725,,,1.0,0.0,1.0,0.0,0.0,52476046.098875,52828855.0426,,52910416.95065001,22387557.2531415,22152050.063059,71260522.36414999,52915045.68945,,0.0,,96.29806,,0.0,,99.87666,0.0,1.0,0.0
148,2024-01-21T01:13:30.000-0300,25457058.414507996,308.0711,47874321.67763,47365957.886408,46001469.431393005,,311.8750366,311.79360429999997,336.4126839,,,,,0.99725,,,1.0,0.0,1.0,0.0,0.0,52476046.098875,52828855.0426,,52911461.653074495,22387513.025149997,22153565.58275,71270966.4464,52916653.98005,,0.0,,96.29806,,0.0,,99.87666,0.0,1.0,0.0
149,2024-01-21T01:14:00.000-0300,25464914.423756503,308.05611999999996,47868926.058800004,47365577.780654,46001666.937324,,311.83067,311.77395479999996,336.4288277,,,,,0.9971522,,,1.0,0.0,1.0,0.0,0.0,52474884.010850005,52829718.0278,,52911917.368099995,22392534.02995,22147504.092385,71256560.47755,52917824.2075945,,0.0,,96.29806,,0.0,,99.87666,0.0,1.0,0.0
150,2024-01-21T01:14:30.000-0300,25451287.004849996,308.05388489999996,47868853.9799225,47368041.6034,46001247.997236,,311.83680999999996,311.77923,336.43589999999995,,,,,0.9971707000000001,,,1.0,0.0,1.0,0.0,0.0,52474884.010850005,52829718.0278,,52912491.155191496,22394629.122656,22150294.868842,71275379.4389,52915058.9284275,,0.0,,96.29806,,0.0,,99.87666,0.0,1.0,0.0
151,2024-01-21T01:15:00.000-0300,25420938.953493997,308.0763229,47867441.4300565,47367184.894456,46002038.02096,,311.88410999999996,311.79702219999996,336.45199429999997,,,,,0.9970696,,,1.0,0.0,1.0,0.0,0.0,52476453.07485,52824961.80255,,52911132.836100005,22391244.259342,22147566.9530115,71257995.4846445,52917471.070128,,0.0,,96.29806,,0.0,,99.87666,0.0,1.0,0.0
152,2024-01-21T01:15:30.000-0300,25431697.829209,308.05309,47869763.742843,47366460.6733535,46003354.857922,,311.8828148,311.8173,336.4498657,,,,,0.9973859,,,1.0,0.0,1.0,0.0,0.0,52473981.799049996,52830659.4662,,52912275.703091,22388552.53005,22148032.278554,71270534.95380001,52913460.8367435,,0.0,,96.29806,,0.0,,99.87666,0.0,1.0,0.0
153,2024-01-21T01:16:00.000-0300,25442474.74916,308.06334999999996,47868752.1868955,47366727.5123,46002678.4932715,,311.8613838,311.8307556,336.42171329999996,,,,,0.9971671999999999,,,1.0,0.0,1.0,0.0,0.0,52479346.0366,52829737.6411,,52916267.990306005,22391641.6248,22148163.981863502,71277742.84155,52924689.6471265,,0.0,,96.29806,,0.0,,99.87666,0.0,1.0,0.0
154,2024-01-21T01:16:30.000-0300,25441217.8308295,308.07674999999995,47869012.553453,47366845.1921,46001857.5786,,311.87181999999996,311.8385757,336.419268,,,,,0.9971671999999999,,,1.0,0.0,1.0,0.0,0.0,52484347.428100005,52831973.55730001,,52916267.990306005,22391641.6248,22148163.981863502,71277742.84155,52924689.6471265,,0.0,,96.29806,,0.0,,99.87666,0.0,1.0,0.0
155,2024-01-21T01:17:00.000-0300,25449280.270060502,308.0513863,47866650.916,47366361.920388,46001313.7998575,,311.83526459999996,311.82513,336.4174255,,,,,0.9972941590000001,,,1.0,0.0,1.0,0.0,0.0,52481042.58705,52832944.415649995,,52919542.038475,22391964.067452,22153456.728935,71272025.56459999,52918207.35341,,0.0,,96.29806,,0.0,,99.87666,0.0,1.0,0.0
156,2024-01-21T01:17:30.000-0300,25433523.435173,308.086573,47871879.625647,47367708.177300006,46002666.5291585,,311.839476,311.79233,336.4353432,,,,,0.9971396,,,1.0,0.0,1.0,0.0,0.0,52474109.2855,52835317.62495,,52921586.725,22386951.202171497,22151385.6625215,71265092.26304999,52918111.5424395,,0.0,,96.29806,,0.0,,99.87666,0.0,1.0,0.0
157,2024-01-21T01:18:00.000-0300,25462898.078449998,308.05640639999996,47870691.2558,47367698.37065,46002808.82365,,311.84507599999995,311.77407,336.4192,,,,,0.9971396,,,1.0,0.0,1.0,0.0,0.0,52478424.2115,52829663.69895899,,52920445.9174055,22393068.3943085,22148454.2587035,71265974.86155,52925366.011777,,0.0,,96.29806,,0.0,,99.87666,0.0,1.0,0.0
158,2024-01-21T01:18:30.000-0300,25444701.3490425,308.0652374,47870365.282754004,47367505.179645,46002283.4814095,,311.88439999999997,311.7392334,336.38971999999995,,,,,0.9969796,,,1.0,0.0,1.0,0.0,0.0,52484416.07465,52837014.1754,,52918782.023099996,22391800.982862502,22148548.5986765,71265824.5256055,52922277.4073595,,0.0,,96.29806,,0.0,,99.87666,0.0,1.0,0.0
159,2024-01-21T01:19:00.000-0300,25442025.800723,308.06858289999997,47870697.532056,47368349.139944,46001573.18575,,311.8960251,311.7437576,336.39412999999996,,,,,0.9973493999999999,,,1.0,0.0,1.0,0.0,0.0,52484605.4410615,52836965.14215,,52912956.873,22395655.5847115,22153764.9519445,71265474.7224,52925611.37416001,,0.0,,96.29806,,0.0,,99.87666,0.0,1.0,0.0
160,2024-01-21T01:19:30.000-0300,25445916.3929775,308.0795235,47870703.5141125,47368283.239256,46002744.3939595,,311.8970779,311.7353462,336.3669,,,,,0.9973895,,,1.0,0.0,1.0,0.0,0.0,52481391.213457495,52834440.223974496,,52920128.672278,22390145.914542,22154118.089410998,71269358.1558,52922139.82005999,,0.0,,96.29806,,0.0,,99.87666,0.0,1.0,0.0
161,2024-01-21T01:20:00.000-0300,25437482.870110497,308.08074,47870171.503350005,47368355.416200005,46001987.222513,,311.8606857,311.72711,336.3657249,,,,,0.9971992000000001,,,1.0,0.0,1.0,0.0,0.0,52484605.4410615,52834500.044539504,,52919164.48245,22392968.1703455,22151947.4855,71259881.00924,52923073.5112065,,0.0,,96.29806,,0.0,,99.87666,0.0,1.0,0.0
162,2024-01-21T01:20:30.000-0300,25434128.0151455,308.0557465,47872221.0932,47368296.5763,46001985.06505,,311.84447,311.7293228,336.3705429,,,,,0.9971992000000001,,,1.0,0.0,1.0,0.0,0.0,52484605.4410615,52834500.044539504,,52922224.15725,22390814.8261385,22150028.520228002,71274987.17289999,52926264.49705,,0.0,,96.29806,,0.0,,99.87666,0.0,1.0,0.0
163,2024-01-21T01:21:00.000-0300,25441837.316910002,308.0655579,47873037.791012,47368076.711206995,46001843.5550905,,311.85669559999997,311.74224699999996,336.34574999999995,,,,,0.9973632000000001,,,1.0,0.0,1.0,0.0,0.0,52482312.940491,52841000.284425505,,52919649.813558504,22386748.10645,22145272.9814435,71275006.7862,52928284.66695,,0.0,,96.29806,,0.0,,99.87666,0.0,1.0,0.0
164,2024-01-21T01:21:30.000-0300,25431611.040356502,308.0718063,47870750.0957,47366870.689389996,46002202.6746135,,311.8455681,311.7640442,336.36437,,,,,0.9971384000000001,,,1.0,0.0,1.0,0.0,0.0,52487671.88244999,52836366.9365,,52920493.773857504,22387866.06455,22144821.0910115,71256828.395228,52930327.980544,,0.0,,96.29806,,0.0,,99.87666,0.0,1.0,0.0
165,2024-01-21T01:22:00.000-0300,25437847.971690003,308.0924553,47871287.107854,47366744.968136996,46001900.4336605,,311.84645309999996,311.77013,336.36634999999995,,,,,0.9971384000000001,,,1.0,0.0,1.0,0.0,0.0,52485632.09925,52843015.845199995,,52921690.871623,22390303.1151415,22148173.0039815,71262895.57345,52925783.971200004,,0.0,,96.29806,,0.0,,99.87666,0.0,1.0,0.0
166,2024-01-21T01:22:30.000-0300,25453679.82745,308.079184,47872583.93925,47366819.7928765,46002864.0350895,,311.8619865,311.7736076,336.34614409999995,,,,,0.997250061,,,1.0,0.0,1.0,0.0,0.0,52491565.1225,52842162.66665,,52923920.7077,22391588.472757,22151933.363924,71267314.94027251,52928280.940423,,0.0,,96.29806,,0.0,,99.87666,0.0,1.0,0.0
167,2024-01-21T01:23:00.000-0300,25440164.30242,308.06712,47870212.69128,47366854.99875,46001547.296194,,311.86298999999997,311.75325999999995,336.3451523,,,,,0.997212753,,,1.0,0.0,1.0,0.0,0.0,52485371.53655951,52837975.22710001,,52925685.904699996,22391118.636155497,22150802.068779998,71255014.75337699,52929226.105349995,,0.0,,96.29806,,0.0,,99.87666,0.0,1.0,0.0
168,2024-01-21T01:23:30.000-0300,25452784.7745045,308.0729164,47871559.4385245,47366706.0357365,46001696.8476065,,311.83317999999997,311.7647957,336.36949999999996,,,,,0.9974127,,,1.0,0.0,1.0,0.0,0.0,52488304.411375,52840691.66915,,52923737.911744,22393439.4779445,22152000.735609498,71271941.71774249,52925813.39115,,0.0,,96.29806,,0.0,,99.87666,0.0,1.0,0.0
169,2024-01-21T01:24:00.000-0300,25423749.931649998,308.0903267,47872319.159700006,47365952.78695,46001322.8219755,,311.8453049,311.77482449999997,336.39670409999997,,,,,0.9971763,,,1.0,0.0,1.0,0.0,0.0,52488196.734358,52837867.353949994,,52923538.24835,22392086.7486435,22148819.16415,71250094.6590055,52927205.93545,,0.0,,96.29806,,0.0,,99.87666,0.0,1.0,0.0
170,2024-01-21T01:24:30.000-0300,25457396.5478,308.08718999999996,47871756.944455504,47366789.882594004,46002585.722362496,,311.8629974,311.76554999999996,336.42326579999997,,,,,0.997362,,,1.0,0.0,1.0,0.0,0.0,52488196.734358,52837867.353949994,,52923773.607949995,22389538.3925745,22149245.8514915,71270098.2636755,52931491.4415,,0.0,,96.29806,,0.0,,99.87666,0.0,1.0,0.0
171,2024-01-21T01:25:00.000-0300,25438727.824327998,308.05034,47867294.7225725,47367535.0899275,46001543.7658,,311.88435589999995,311.76358,336.41818,,,,,0.9972726439999999,,,1.0,0.0,1.0,0.0,0.0,52491722.028900005,52842348.993,,52923597.08825,22392167.555439502,22146887.2541,71255540.58595,52931692.673958,,0.0,,96.29806,,0.0,,99.87666,0.0,1.0,0.0
172,2024-01-21T01:25:30.000-0300,25452030.6431195,308.0937752,47869796.693187,47367276.6847,46003662.0022,,311.87005999999997,311.75638999999995,336.41166999999996,,,,,0.9972726439999999,,,1.0,0.0,1.0,0.0,0.0,52491722.028900005,52842348.993,,52923508.82839999,22389674.606943,22150054.802050002,71267867.545,52932811.9069225,,0.0,,96.29806,,0.0,,99.87666,0.0,1.0,0.0
173,2024-01-21T01:26:00.000-0300,25436225.8537135,308.04764,47870227.597388,47365242.589357,46002230.2313,,311.86179999999996,311.76241999999996,336.38475,,,,,0.9972093,,,1.0,0.0,1.0,0.0,0.0,52490378.51785,52848468.3426,,52931609.121300004,22393868.911148,22150196.1158765,71265686.938306,52932982.052300006,,0.0,,96.29806,,0.0,,99.87666,0.0,1.0,0.0
174,2024-01-21T01:26:30.000-0300,25456085.790961,308.0746559,47872627.873041995,47366035.751209,46002178.746387504,,311.8657478,311.77215809999996,336.3809723,,,,,0.9971899000000001,,,1.0,0.0,1.0,0.0,0.0,52490378.51785,52848468.3426,,52932506.723974496,22389625.181427002,22150715.2799275,71273031.138491,52930495.576192506,,0.0,,96.29806,,0.0,,99.87666,0.0,1.0,0.0
175,2024-01-21T01:27:00.000-0300,25464630.128973,308.0864967,47869647.043708,47364204.1631885,46002115.885761,,311.86592329999996,311.80559999999997,336.3822044,,,,,0.9972960999999999,,,1.0,0.0,1.0,0.0,0.0,52493128.7928425,52847853.661778,,52931412.988299996,22390796.879969,22149612.522135,71248191.286307,52935061.06210001,,0.0,,96.29806,,0.0,,99.87666,0.0,1.0,0.0
176,2024-01-21T01:27:30.000-0300,25452898.531644497,308.06683999999996,47870779.51565,47365511.4877,46002063.51825,,311.84607539999996,311.82368699999995,336.39387739999995,,,,,0.9970941000000001,,,1.0,0.0,1.0,0.0,0.0,52499469.2824,52846500.932477,,52931893.51414999,22392330.640029,22150923.278974,71259600.53905,52933903.8774,,0.0,,96.29806,,0.0,,99.87666,0.0,1.0,0.0
177,2024-01-21T01:28:00.000-0300,25443500.52475,308.04785389999995,47867076.2304105,47364407.651176,46001543.7658,,311.837088,311.811335,336.41022,,,,,0.9971625000000001,,,1.0,0.0,1.0,0.0,0.0,52491315.15099151,52849194.0347,,52931628.7346,22392252.8732945,22153552.441839002,71275761.89825,52933786.1976,,0.0,,96.29806,,0.0,,99.87666,0.0,1.0,0.0
178,2024-01-21T01:28:30.000-0300,25454535.555729,308.03569999999996,47866477.730561,47364970.2586865,46001563.3791,,311.8336739,311.80363,336.42974319999996,,,,,0.9971872999999999,,,1.0,0.0,1.0,0.0,0.0,52492349.6545,52852259.005091,,52929094.990439504,22390294.0930235,22151227.088990998,71257977.53847499,52932060.2272,,0.0,,96.29806,,0.0,,99.87666,0.0,1.0,0.0
179,2024-01-21T01:29:00.000-0300,25453224.7008235,308.06595999999996,47872618.850924,47364841.595438495,46001690.865550004,,311.8427071,311.81383359999995,336.4381775,,,,,0.9971872999999999,,,1.0,0.0,1.0,0.0,0.0,52500287.45120949,52851449.5642,,52934227.49685,22393289.142,22145811.660728,71271260.6459,52937989.4258565,,0.0,,96.29806,,0.0,,99.87666,0.0,1.0,0.0
180,2024-01-21T01:29:30.000-0300,25444036.948505003,308.08607329999995,47866876.468949996,47362611.9554945,46002020.0747905,,311.83270999999996,311.80930559999996,336.43754429999996,,,,,0.997073441,,,1.0,0.0,1.0,0.0,0.0,52496948.973349996,52849846.8633905,,52927264.77535,22391018.314126,22149398.541032,71268583.43045,52936267.28005,,0.0,,96.29806,,0.0,,99.87666,0.0,1.0,0.0
181,2024-01-21T01:30:00.000-0300,25428888.61625,308.05837479999997,47870272.511845,47363994.6931445,46002184.728444,,311.8316063,311.8162064,336.44052999999997,,,,,0.997195358,,,1.0,0.0,1.0,0.0,0.0,52496537.09405,52852126.22305,,52932554.5804265,22389444.150668003,22147838.49915,71276477.7837,52936433.993099995,,0.0,,96.29806,,0.0,,99.87666,0.0,1.0,0.0
182,2024-01-21T01:30:30.000-0300,25437498.854950003,308.06052,47864457.6587275,47363393.2513,46001749.705450006,,311.797213,311.83121339999997,336.47229,,,,,0.997165,,,1.0,0.0,1.0,0.0,0.0,52496983.3946915,52851890.86345,,52934194.546505995,22393967.6641135,22153076.623181,71278645.05335,52940033.03365,,0.0,,96.29806,,0.0,,99.87666,0.0,1.0,0.0
183,2024-01-21T01:31:00.000-0300,25415222.7552755,308.08095,47862963.6156,47364210.145245,46001367.2461,,311.8205971,311.8125,336.47664,,,,,0.997278,,,1.0,0.0,1.0,0.0,0.0,52498228.4469755,52851995.6965385,,52934149.04365,22391693.207779,22145612.389599998,71259580.92575,52937576.369758494,,0.0,,96.29806,,0.0,,99.87666,0.0,1.0,0.0
184,2024-01-21T01:31:30.000-0300,25430710.2014875,308.07946619999996,47862027.472791,47363605.565272495,46002828.43695,,311.859938,311.8043846,336.47072,,,,,0.997318954,,,1.0,0.0,1.0,0.0,0.0,52500989.313149996,52850429.6726,,52934090.20375,22393687.880389,22148503.6842195,71275886.246572,52934673.4052255,,0.0,,96.29806,,0.0,,99.87666,0.0,1.0,0.0
185,2024-01-21T01:32:00.000-0300,25435969.017550003,308.0708755,47868509.7665075,47364334.6897,46001421.574941,,311.86886,311.78774999999996,336.46723,,,,,0.997318954,,,1.0,0.0,1.0,0.0,0.0,52502215.1444,52855730.657257505,,52935840.5927085,22393366.1242025,22146417.711698,71269236.357207,52934673.4052255,,0.0,,96.29806,,0.0,,99.87666,0.0,1.0,0.0
186,2024-01-21T01:32:30.000-0300,25438476.4798885,308.03567,47869308.51815,47363180.643128,46002379.194313504,,311.8636269,311.71569289999996,336.4749855,,,,,0.9971426390000001,,,1.0,0.0,1.0,0.0,0.0,52497655.052149996,52854778.921875,,52939287.728250004,22394334.334757,22144879.440579,71258456.3971945,52940366.45975,,0.0,,96.29806,,0.0,,99.87666,0.0,1.0,0.0
187,2024-01-21T01:33:00.000-0300,25435753.27125,308.0343269,47866256.296404004,47363683.4300735,46003016.72463,,311.845282,311.71147379999996,336.45227279999995,,,,,0.9974930999999999,,,1.0,0.0,1.0,0.0,0.0,52507275.3758,52860324.58245,,52938650.296,22388860.5569265,22149888.089,71272414.5944055,52944063.5668,,0.0,,96.29806,,0.0,,99.87666,0.0,1.0,0.0
188,2024-01-21T01:33:30.000-0300,25435681.192372497,308.05082,47865995.9298465,47363545.744707495,46001632.02565,,311.86068,311.7024254,336.44201999999996,,,,,0.9971879,,,1.0,0.0,1.0,0.0,0.0,52501897.5070065,52852013.642708,,52940748.9191,22391729.100118,22146377.3083,71271947.11140001,52946171.99655,,0.0,,96.29806,,0.0,,99.87666,0.0,1.0,0.0
189,2024-01-21T01:34:00.000-0300,25432598.668077998,308.07706679999995,47866248.84335,47362692.7622905,46003169.316103995,,311.86030999999997,311.6973824,336.45417249999997,,,,,0.9971879,,,1.0,0.0,1.0,0.0,0.0,52502957.0174725,52857147.22785,,52940748.9191,22391729.100118,22146377.3083,71271947.11140001,52946171.99655,,0.0,,96.29806,,0.0,,99.87666,0.0,1.0,0.0
190,2024-01-21T01:34:30.000-0300,25426780.1865,308.05973659999995,47864996.338012,47362706.785799995,46002531.883854,,311.87035599999996,311.69586999999996,336.4364761,,,,,0.9973484,,,1.0,0.0,1.0,0.0,0.0,52500312.6543,52860878.1678425,,52935767.14089999,22390045.690579,22150349.00155,71262418.774127,52943661.49415,,0.0,,96.29806,,0.0,,99.87666,0.0,1.0,0.0
191,2024-01-21T01:35:00.000-0300,25431340.27875,308.03461689999995,47867455.061299995,47361878.8103405,46002308.6845,,311.8764061,311.70131,336.44126,,,,,0.9970828,,,1.0,0.0,1.0,0.0,0.0,52500312.6543,52860878.1678425,,52936659.546050005,22388984.02265,22147656.683858998,71268907.0499,52943700.72075,,0.0,,96.29806,,0.0,,99.87666,0.0,1.0,0.0
192,2024-01-21T01:35:30.000-0300,25441892.234149996,308.04681239999996,47866812.921858005,47362821.523605,46002163.742213,,311.8593658,311.73575999999997,336.4274,,,,,0.997530441,,,1.0,0.0,1.0,0.0,0.0,52504205.89435,52859795.02335,,52940935.245450005,22388312.855524,22155587.517846998,71251588.506,52946583.87585,,0.0,,96.29806,,0.0,,99.87666,0.0,1.0,0.0
193,2024-01-21T01:36:00.000-0300,25440053.585341502,308.05541,47867513.9012,47362728.752696,46002271.5172965,,311.86041,311.7498955,336.43143,,,,,0.9974906,,,1.0,0.0,1.0,0.0,0.0,52504327.692943,52860369.3988405,,52939096.694708,22391150.017435502,22148915.1712535,71272630.046506,52945269.78474999,,0.0,,96.29806,,0.0,,99.87666,0.0,1.0,0.0
194,2024-01-21T01:36:30.000-0300,25435316.090793,308.0404648,47864948.3834935,47362010.51365,46002783.2282935,,311.8713669,311.76415999999995,336.4365524,,,,,0.9972854,,,1.0,0.0,1.0,0.0,0.0,52507613.705225,52863217.5442,,52947961.2198425,22394560.279973,22147978.440045502,71270093.65455,52953134.71805,,0.0,,96.29806,,0.0,,99.87666,0.0,1.0,0.0
195,2024-01-21T01:37:00.000-0300,25429255.777226,308.05933,47866103.6068635,47362318.736659504,46003136.365760006,,311.86544999999995,311.7617821,336.4131149,,,,,0.9972968,,,1.0,0.0,1.0,0.0,0.0,52514738.23645,52864266.85575,,52944363.944489494,22387883.4223205,22148987.053998,71267099.488172,52949559.409593,,0.0,,96.29806,,0.0,,99.87666,0.0,1.0,0.0
196,2024-01-21T01:37:30.000-0300,25435325.112911,308.04091999999997,47864068.5308555,47362540.07275,46002691.14385,,311.85483999999997,311.75505999999996,336.40247,,,,,0.9972968,,,1.0,0.0,1.0,0.0,0.0,52514738.23645,52864266.85575,,52944363.944489494,22387883.4223205,22148987.053998,71267099.488172,52949559.409593,,0.0,,96.29806,,0.0,,99.87666,0.0,1.0,0.0
197,2024-01-21T01:38:00.000-0300,25445841.568237998,308.0458435,47864290.063079,47362638.139249995,46000724.2240595,,311.8812,311.7163376,336.4146942,,,,,0.997088547,,,1.0,0.0,1.0,0.0,0.0,52503274.262600005,52861197.3743,,52942658.077722,22392294.74769,22147757.0058885,71268661.88365,52951820.62695,,0.0,,96.29806,,0.0,,99.87666,0.0,1.0,0.0
198,2024-01-21T01:38:30.000-0300,25444863.6491,308.04629,47865546.9814095,47362530.2661,46002490.009458505,,311.87118999999996,311.69199,336.46299589999995,,,,,0.9972626,,,1.0,0.0,1.0,0.0,0.0,52507491.1221,52855440.87075,,52944645.297278,22387421.038773,22150353.2184095,71271741.17175,52950035.81665,,0.0,,96.29806,,0.0,,99.87666,0.0,1.0,0.0
199,2024-01-21T01:39:00.000-0300,25449202.503326,308.04407,47865588.855805,47361292.1765375,46002343.3019745,,311.86686999999995,311.68739999999997,336.46020999999996,,,,,0.9970684,,,1.0,0.0,1.0,0.0,0.0,52506657.55685,52858023.0597615,,52945812.484761,22389001.282353997,22151493.437605,71270804.5386085,52950035.81665,,0.0,,96.29806,,0.0,,99.87666,0.0,1.0,0.0
200,2024-01-21T01:39:30.000-0300,25432550.811626002,308.0494331,47865029.190289505,47361892.833850004,46001857.5786,,311.85577,311.6812,336.47526,,,,,0.9972759000000001,,,1.0,0.0,1.0,0.0,0.0,52507386.2890115,52865296.554000005,,52945946.44360001,22395890.5520455,22151140.3001385,71251770.61549051,52951193.00135,,0.0,,96.29806,,0.0,,99.87666,0.0,1.0,0.0
201,2024-01-21T01:40:00.000-0300,25424236.929889,308.05255999999997,47864658.106653504,47361693.2685225,46002857.8569,,311.83678,311.69743189999997,336.47923,,,,,0.9973833000000001,,,1.0,0.0,1.0,0.0,0.0,52510181.478461,52865218.1008,,52944794.946757,22396446.8833,22147629.813638,71265860.516011,52959297.805309,,0.0,,96.29806,,0.0,,99.87666,0.0,1.0,0.0
202,2024-01-21T01:40:30.000-0300,25421984.73465,308.05289999999997,47864228.67345,47362641.9638435,46004623.0539,,311.8344444,311.69541399999997,336.46542999999997,,,,,0.9973117,,,1.0,0.0,1.0,0.0,0.0,52510181.478461,52865218.1008,,52948908.0519,22393828.50775,22144566.7065105,71268132.32455,52954164.416300006,,0.0,,96.29806,,0.0,,99.87666,0.0,1.0,0.0
203,2024-01-21T01:41:00.000-0300,25434703.959700003,308.01865,47861904.4974,47360690.6366265,46002217.678788,,311.8708481,311.6882233,336.42758999999995,,,,,0.9970075,,,1.0,0.0,1.0,0.0,0.0,52513247.625649996,52865316.1673,,52946780.00884999,22392498.2356775,22148892.714025002,71272264.9449265,52951127.5909945,,0.0,,96.29806,,0.0,,99.87666,0.0,1.0,0.0
204,2024-01-21T01:41:30.000-0300,25421639.246370498,308.07169,47863838.0745805,47359810.7839885,46001496.3996805,,311.89964999999995,311.6868919,336.43609,,,,,0.9972378000000001,,,1.0,0.0,1.0,0.0,0.0,52513126.3173895,52866773.827755995,,52944735.028125495,22387834.094871,22149643.903415,71270559.07815899,52952384.509325005,,0.0,,96.29806,,0.0,,99.87666,0.0,1.0,0.0
205,2024-01-21T01:42:00.000-0300,25419062.35295,308.04289,47865334.471304,47360660.726344004,46002385.274436496,,311.87117229999996,311.68868,336.4509338,,,,,0.9973545,,,1.0,0.0,1.0,0.0,0.0,52510129.11095,52867836.47635,,52949709.059072,22393448.5000625,22151891.4895285,71275993.92358899,52958142.581939004,,0.0,,96.29806,,0.0,,99.87666,0.0,1.0,0.0
206,2024-01-21T01:42:30.000-0300,25429097.105628997,308.04490999999996,47863200.642330505,47359963.3754625,46002259.65125,,311.86301649999996,311.69124,336.4510254,,,,,0.9970560999999999,,,1.0,0.0,1.0,0.0,0.0,52510129.11095,52867836.47635,,52948790.3721,22390783.4448585,22154397.8731355,71265273.88220799,52952797.565423,,0.0,,96.29806,,0.0,,99.87666,0.0,1.0,0.0
207,2024-01-21T01:43:00.000-0300,25439175.7921,308.06580199999996,47864077.5529735,47360262.6744205,46001563.3791,,311.8169273,311.6967453,336.47285999999997,,,,,0.9974153,,,1.0,0.0,1.0,0.0,0.0,52516591.6933,52869572.2534,,52951967.7267,22395185.74811,22146390.841477003,71269607.440843,52955488.314050004,,0.0,,96.29806,,0.0,,99.87666,0.0,1.0,0.0
208,2024-01-21T01:43:30.000-0300,25432419.010250002,308.04258,47864759.8996805,47360792.429653496,46002622.4973,,311.81345,311.69464719999996,336.47168999999997,,,,,0.9972198,,,1.0,0.0,1.0,0.0,0.0,52516591.6933,52869572.2534,,52951797.973588504,22397419.801046498,22151774.7903935,71268835.265222,52956743.56525,,0.0,,96.29806,,0.0,,99.87666,0.0,1.0,0.0
209,2024-01-21T01:44:00.000-0300,25423700.898399998,308.07284999999996,47867737.688953,47360376.4315605,46002400.180544496,,311.83588999999995,311.70079,336.46752779999997,,,,,0.9973585,,,1.0,0.0,1.0,0.0,0.0,52517042.799200006,52869108.202722,,52951157.501277,22393280.904413998,22151928.852865,71267720.44525,52957243.7044,,0.0,,96.29806,,0.0,,99.87666,0.0,1.0,0.0
210,2024-01-21T01:44:30.000-0300,25449720.1963795,308.0538544,47865047.136459,47360523.040978,46001765.690289505,,311.8225349,311.70873489999997,336.4650139,,,,,0.997199554,,,1.0,0.0,1.0,0.0,0.0,52515777.741349995,52868527.649042,,52949942.457342006,22393361.711209998,22152018.681778997,71266351.3388435,52954429.19585001,,0.0,,96.29806,,0.0,,99.87666,0.0,1.0,0.0
211,2024-01-21T01:45:00.000-0300,25430617.4305785,308.0574364,47864316.933299996,47360388.3956735,46001771.672345996,,311.82322,311.71349999999995,336.47785419999997,,,,,0.997199554,,,1.0,0.0,1.0,0.0,0.0,52518411.5133405,52871837.589549996,,52957322.1576,22394506.4414645,22153163.5101,71258282.8194895,52955060.05764451,,0.0,,96.29806,,0.0,,99.87666,0.0,1.0,0.0
212,2024-01-21T01:45:30.000-0300,25418176.616322,308.06043,47861716.20972,47358852.77235,46002783.2282935,,311.8355049,311.7348045,336.48250809999996,,,,,0.9971232600000001,,,1.0,0.0,1.0,0.0,0.0,52521589.84860549,52874566.976378,,52953595.6306,22392353.097257502,22147846.736736,71268779.56345,52957508.48395,,0.0,,96.29806,,0.0,,99.87666,0.0,1.0,0.0
213,2024-01-21T01:46:00.000-0300,25435211.355771,308.04926,47863927.9034945,47359319.961155996,46003806.748353995,,311.83659589999996,311.73112,336.46483459999996,,,,,0.9971453,,,1.0,0.0,1.0,0.0,0.0,52523691.707899995,52871245.071757,,52955047.014800005,22393063.58905,22146725.9347075,71261522.64245,52960602.678158,,0.0,,96.29806,,0.0,,99.87666,0.0,1.0,0.0
214,2024-01-21T01:46:30.000-0300,25424557.1170115,308.04958189999996,47860231.875176,47357872.10735,46002783.2282935,,311.84965,311.72258999999997,336.452906,,,,,0.9973005,,,1.0,0.0,1.0,0.0,0.0,52519151.228949994,52869866.4529,,52958729.21574199,22392424.980002,22149932.7092575,71273294.44704351,52960205.3127,,0.0,,96.29806,,0.0,,99.87666,0.0,1.0,0.0
215,2024-01-21T01:47:00.000-0300,25446083.988626,308.074057,47860619.82625,47357198.0962955,46002465.590900004,,311.85046619999997,311.71344,336.44293999999996,,,,,0.9971409,,,1.0,0.0,1.0,0.0,0.0,52522230.517050005,52874824.40094049,,52956688.157677494,22391619.854036998,22152534.903835,71261924.7151,52964785.01825,,0.0,,96.29806,,0.0,,99.87666,0.0,1.0,0.0
216,2024-01-21T01:47:30.000-0300,25448580.369450003,308.06287999999995,47862862.5090385,47357629.098563,46003024.56995,,311.85387269999995,311.72411,336.4457268,,,,,0.9975597999999999,,,1.0,0.0,1.0,0.0,0.0,52520151.50725,52871322.83849151,,52956341.4926,22393887.34765,22149380.594862502,71275212.72585,52959866.394876,,0.0,,96.29806,,0.0,,99.87666,0.0,1.0,0.0
217,2024-01-21T01:48:00.000-0300,25436582.0312415,308.05048,47864169.833550006,47358790.205923,46003660.138936505,,311.8492836,311.727,336.4276337,,,,,0.9975597999999999,,,1.0,0.0,1.0,0.0,0.0,52516032.71425,52872857.48115,,52952487.47915,22390249.0805,22149588.593909,71272414.5944055,52955963.838508494,,0.0,,96.29806,,0.0,,99.87666,0.0,1.0,0.0
218,2024-01-21T01:48:30.000-0300,25432477.850149997,308.0810722,47863200.642330505,47358769.3177585,46001508.3637935,,311.84675999999996,311.7207436,336.41567,,,,,0.9970646000000001,,,1.0,0.0,1.0,0.0,0.0,52524142.81380001,52879187.7717915,,52959871.886599995,22391950.6323415,22150598.5807925,71267396.8258,52957734.0369,,0.0,,96.29806,,0.0,,99.87666,0.0,1.0,0.0
219,2024-01-21T01:49:00.000-0300,25430085.02755,308.09234,47862139.857,47358718.421245,46002073.3249,,311.8236679,311.71986999999996,336.43717,,,,,0.9973045,,,1.0,0.0,1.0,0.0,0.0,52522511.575638995,52873471.6716395,,52961284.0442,22392367.3169,22150118.2510755,71272927.7764,52965624.46749,,0.0,,96.29806,,0.0,,99.87666,0.0,1.0,0.0
220,2024-01-21T01:49:30.000-0300,25441187.8224805,308.07851639999996,47858666.6357695,47358019.2071,46001080.4015875,,311.85427999999996,311.71720999999997,336.4584068,,,,,0.9971545999999999,,,1.0,0.0,1.0,0.0,0.0,52523897.64755,52873700.85305,,52963078.66114999,22391503.154902,22154444.25859,71270804.5386085,52964520.2387,,0.0,,96.29806,,0.0,,99.87666,0.0,1.0,0.0
221,2024-01-21T01:50:00.000-0300,25439200.700990997,308.10197999999997,47862522.31635,47356713.2555195,46003161.86305,,311.85640559999996,311.73430479999996,336.4505,,,,,0.9972955,,,1.0,0.0,1.0,0.0,0.0,52527212.295250006,52875901.7595095,,52964026.375806,22392176.5775575,22153539.0067285,71268063.678,52966115.2903225,,0.0,,96.29806,,0.0,,99.87666,0.0,1.0,0.0
222,2024-01-21T01:50:30.000-0300,25419317.325850002,308.09594569999996,47863061.682100005,47357973.213911496,46002831.182812,,311.85751999999997,311.75030749999996,336.44156,,,,,0.9972955,,,1.0,0.0,1.0,0.0,0.0,52526186.71579299,52875901.7595095,,52964026.375806,22392176.5775575,22153539.0067285,71268063.678,52966115.2903225,,0.0,,96.29806,,0.0,,99.87666,0.0,1.0,0.0
223,2024-01-21T01:51:00.000-0300,25430009.908611003,308.0921577,47863027.0646255,47359053.612542,46002900.025495,,311.8186478,311.75053629999996,336.43944999999997,,,,,0.9973105,,,1.0,0.0,1.0,0.0,0.0,52523912.2594585,52873720.46635,,52959969.953099996,22392809.4987485,22144440.9852575,71253255.6365,52962924.990944505,,0.0,,96.29806,,0.0,,99.87666,0.0,1.0,0.0
224,2024-01-21T01:51:30.000-0300,25414193.2531585,308.08770219999997,47864388.8160445,47359263.082586005,46003268.0690695,,311.8045067,311.73041759999995,336.4319366,,,,,0.9972356000000001,,,1.0,0.0,1.0,0.0,0.0,52523912.2594585,52873720.46635,,52964798.4533605,22396804.826024998,22150236.5192745,71253709.880528,52966648.28175,,0.0,,96.29806,,0.0,,99.87666,0.0,1.0,0.0
225,2024-01-21T01:52:00.000-0300,25428076.62563,308.0765633,47862254.987071,47358781.2818715,46003652.19555,,311.83296429999996,311.69945759999996,336.41346999999996,,,,,0.9971850999999999,,,1.0,0.0,1.0,0.0,0.0,52525398.065,52880683.18785,,52964199.953511,22386987.0945105,22149914.763088,71256349.5365085,52967707.399950005,,0.0,,96.29806,,0.0,,99.87666,0.0,1.0,0.0
226,2024-01-21T01:52:30.000-0300,25443745.691,308.09354629999996,47860450.2692715,47358003.124194,46002355.2660875,,311.86573999999996,311.6972565,336.40486999999996,,,,,0.9972365999999999,,,1.0,0.0,1.0,0.0,0.0,52525299.998500004,52880800.86765,,52958028.2364,22391602.3982,22151149.22419,71261712.499194,52965750.188742995,,0.0,,96.29806,,0.0,,99.87666,0.0,1.0,0.0
227,2024-01-21T01:53:00.000-0300,25429114.1692,308.07768999999996,47863628.604536496,47358344.2975475,46002132.1648,,311.8792557,311.70172349999996,336.4087929,,,,,0.997023239,,,1.0,0.0,1.0,0.0,0.0,52529085.3654,52882105.1521,,52970874.9479,22395972.829839002,22150770.6875,71265935.63495,52971806.57965,,0.0,,96.29806,,0.0,,99.87666,0.0,1.0,0.0
228,2024-01-21T01:53:30.000-0300,25419382.638139,308.12301479999996,47864104.4231945,47358637.02605,46002298.877849996,,311.8512062,311.6958031,336.4403061,,,,,0.9973768,,,1.0,0.0,1.0,0.0,0.0,52530585.782850005,52878559.3616595,,52963583.409425505,22392588.064591497,22151421.652927,71257361.092456,52968462.512,,0.0,,96.29806,,0.0,,99.87666,0.0,1.0,0.0
229,2024-01-21T01:54:00.000-0300,25442681.277209003,308.11834999999996,47861463.19815,47356891.44235,46002678.4932715,,311.8583549,311.7136749,336.4329666,,,,,0.9970353,,,1.0,0.0,1.0,0.0,0.0,52527653.594500005,52885645.35275,,52965857.865760006,22394027.582744997,22150149.730422,71271750.97839999,52969982.54275,,0.0,,96.29806,,0.0,,99.87666,0.0,1.0,0.0
230,2024-01-21T01:54:30.000-0300,25435184.485549998,308.13253,47858771.370791495,47355950.00395,46003660.138936505,,311.8313278,311.73883,336.4233078,,,,,0.997414551,,,1.0,0.0,1.0,0.0,0.0,52533557.1978,52878637.128394,,52967158.22755,22392670.342385,22150607.6029105,71263723.646976,52971120.114149995,,0.0,,96.29806,,0.0,,99.87666,0.0,1.0,0.0
231,2024-01-21T01:55:00.000-0300,25448246.943350002,308.10685579999995,47858776.17605,47357320.777487,46003387.416,,311.83083,311.7419533,336.4082436,,,,,0.9973729,,,1.0,0.0,1.0,0.0,0.0,52529958.15725,52882246.36786,,52964245.6525,22394217.635622002,22146706.5175405,71273888.8281,52971777.1597,,0.0,,96.29806,,0.0,,99.87666,0.0,1.0,0.0
232,2024-01-21T01:55:30.000-0300,25436225.8537135,308.1253838,47859364.57505,47356437.982854,46002769.597049996,,311.8880829,311.73256999999995,336.41633449999995,,,,,0.99712265,,,1.0,0.0,1.0,0.0,0.0,52538415.118010506,52883353.734778,,52963568.99365,22397962.99139,22147285.600223,71265435.4958,52973964.04264999,,0.0,,96.29806,,0.0,,99.87666,0.0,1.0,0.0
233,2024-01-21T01:56:00.000-0300,25419586.224193003,308.11121599999996,47858403.52335,47355930.39065,46002696.439440995,,311.89478529999997,311.73517999999996,336.4150375,,,,,0.9969079999999999,,,1.0,0.0,1.0,0.0,0.0,52532105.8136,52885963.3824095,,52966118.72265,22392212.4698965,22145856.575185,71268377.4908,52973842.5382565,,0.0,,96.29806,,0.0,,99.87666,0.0,1.0,0.0
234,2024-01-21T01:56:30.000-0300,25416728.370249998,308.10397,47863556.8198585,47356437.982854,46002109.9037045,,311.866938,311.7520432,336.4135422,,,,,0.9974673,,,1.0,0.0,1.0,0.0,0.0,52530291.58335,52887884.7012775,,52966795.3815,22387566.177192997,22151394.6846395,71259816.28535001,52972287.105500005,,0.0,,96.29806,,0.0,,99.87666,0.0,1.0,0.0
235,2024-01-21T01:57:00.000-0300,25433101.4550235,308.09426349999995,47864660.16605,47356710.3135245,46002292.405461,,311.8279,311.7714066,336.43616,,,,,0.9974673,,,1.0,0.0,1.0,0.0,0.0,52533812.1707,52885831.6791,,52967132.82832651,22392778.117468502,22150896.408753,71265333.8008395,52969354.917150006,,0.0,,96.29806,,0.0,,99.87666,0.0,1.0,0.0
236,2024-01-21T01:57:30.000-0300,25430143.86745,308.10866,47861031.70555,47356129.661777996,46002100.8815865,,311.8436531,311.763,336.4432053,,,,,0.9972530000000001,,,1.0,0.0,1.0,0.0,0.0,52533512.969808504,52881414.371674,,52969384.3371,22390778.639599998,22153266.676058,71255854.39874999,52973218.73725,,0.0,,96.29806,,0.0,,99.87666,0.0,1.0,0.0
237,2024-01-21T01:58:00.000-0300,25446503.0267805,308.11501999999996,47861449.861106,47355716.7037465,46002059.007191,,311.86179999999996,311.76120219999996,336.45737299999996,,,,,0.9972530000000001,,,1.0,0.0,1.0,0.0,0.0,52534822.25565,52886380.851500005,,52969776.603099994,22388268.137199998,22149240.8501,71263059.2464385,52974160.17565,,0.0,,96.29806,,0.0,,99.87666,0.0,1.0,0.0
238,2024-01-21T01:58:30.000-0300,25434301.887050003,308.05885539999997,47863440.1207235,47355557.73795,46002247.5890705,,311.87102,311.7852577,336.4591,,,,,0.997494659,,,1.0,0.0,1.0,0.0,0.0,52537401.4046,52891627.409250006,,52972757.8247,22388534.3877475,22146498.518494,71276144.3576,52978357.421849996,,0.0,,96.29806,,0.0,,99.87666,0.0,1.0,0.0
239,2024-01-21T01:59:00.000-0300,25445617.0940195,308.1176857,47861578.6224205,47355405.4406755,46002795.1924065,,311.84630999999996,311.7956337,336.45809779999996,,,,,0.9972606,,,1.0,0.0,1.0,0.0,0.0,52529840.47745,52888896.257225,,52968305.6056,22394067.986143,22149109.735189497,71264494.0574,52970237.515650004,,0.0,,96.29806,,0.0,,99.87666,0.0,1.0,0.0
240,2024-01-21T01:59:30.000-0300,25425318.99565,308.10251999999997,47861165.5663225,47355261.773253,46003122.63645,,311.825518,311.8079742,336.45268999999996,,,,,0.9972709999999999,,,1.0,0.0,1.0,0.0,0.0,52535278.65714099,52887142.5340055,,52967423.0071,22390036.7665275,22151625.1409145,71275046.0128,52973938.349227004,,0.0,,96.29806,,0.0,,99.87666,0.0,1.0,0.0
241,2024-01-21T02:00:00.000-0300,25438234.3537,308.12976679999997,47860695.729721,47355378.472388,46002950.823942006,,311.8445572,311.81683999999996,336.44826739999996,,,,,0.9972709999999999,,,1.0,0.0,1.0,0.0,0.0,52539529.44765,52886609.83677749,,52967423.0071,22390036.7665275,22151625.1409145,71275046.0128,52973938.349227004,,0.0,,96.29806,,0.0,,99.87666,0.0,1.0,0.0
242,2024-01-21T02:00:30.000-0300,25412168.278,308.0942558,47861090.54545,47356054.8370385,46002469.0232275,,311.83798449999995,311.79713999999996,336.4573425,,,,,0.9971399,,,1.0,0.0,1.0,0.0,0.0,52539960.94025,52890189.165961,,52970233.29879051,22393457.424114,22150724.3020455,71259541.69915,52976768.744550005,,0.0,,96.29806,,0.0,,99.87666,0.0,1.0,0.0
243,2024-01-21T02:01:00.000-0300,25450995.158946,308.12910689999995,47859968.468557,47356817.990541495,46002723.4077285,,311.83837,311.7583031,336.4566673,,,,,0.9971872999999999,,,1.0,0.0,1.0,0.0,0.0,52542838.407492995,52893092.130494,,52972757.8247,22389358.832813,22151602.683686,71267583.15214999,52977259.07705,,0.0,,96.29806,,0.0,,99.87666,0.0,1.0,0.0
244,2024-01-21T02:01:30.000-0300,25455663.8108115,308.1179451,47857383.63175,47355896.263508,46001732.838012,,311.8348145,311.7249741,336.4648537,,,,,0.9974763489999999,,,1.0,0.0,1.0,0.0,0.0,52540761.4570895,52890111.399226494,,52971340.6657085,22391818.929032,22153814.279394,71270279.9809,52977685.274059,,0.0,,96.29806,,0.0,,99.87666,0.0,1.0,0.0
245,2024-01-21T02:02:00.000-0300,25441499.96815,308.10811459999996,47862600.76955,47354962.474295,46003016.72463,,311.8421234,311.69940799999995,336.4745,,,,,0.9974763489999999,,,1.0,0.0,1.0,0.0,0.0,52544079.73325001,52893216.08655,,52978239.74205,22391818.929032,22149557.1145625,71280572.844607,52977994.575799994,,0.0,,96.29806,,0.0,,99.87666,0.0,1.0,0.0
246,2024-01-21T02:02:30.000-0300,25420172.759929497,308.12855379999996,47863045.010795,47355498.89805,46002642.1106,,311.84649509999997,311.6816,336.4814743,,,,,0.9971653,,,1.0,0.0,1.0,0.0,0.0,52541916.582393005,52893529.899349995,,52978451.369557,22389358.832813,22143015.000281002,71270319.2075,52981740.71610001,,0.0,,96.29806,,0.0,,99.87666,0.0,1.0,0.0
247,2024-01-21T02:03:00.000-0300,25424750.209949996,308.09641,47859344.96175,47354408.8889025,46003132.4431,,311.83585999999997,311.67424619999997,336.4566139,,,,,0.9973318480000001,,,1.0,0.0,1.0,0.0,0.0,52539725.580649994,52890602.123992495,,52976739.3246,22393059.372190498,22149648.414474,71265513.949,52982299.695149995,,0.0,,96.29806,,0.0,,99.87666,0.0,1.0,0.0
248,2024-01-21T02:03:30.000-0300,25458393.1976395,308.122435,47863346.074949995,47354366.9164405,46002421.1667755,,311.84011999999996,311.67528,336.4486374,,,,,0.997156143,,,1.0,0.0,1.0,0.0,0.0,52537332.75805,52894569.40425,,52977116.68449199,22391892.1847075,22145766.8443375,71265136.196842,52978612.39475,,0.0,,96.29806,,0.0,,99.87666,0.0,1.0,0.0
249,2024-01-21T02:04:00.000-0300,25433298.9609545,308.1280273,47854387.0137095,47354863.7213295,46002740.1771,,311.8518623,311.68066999999996,336.44892999999996,,,,,0.997156143,,,1.0,0.0,1.0,0.0,0.0,52539259.0783095,52891509.72945,,52975386.006900005,22389936.444498003,22149458.361596998,71268142.1312,52980357.97844999,,0.0,,96.29806,,0.0,,99.87666,0.0,1.0,0.0
250,2024-01-21T02:04:30.000-0300,25431356.655855503,308.11050259999996,47858487.076008,47354508.4264,46002265.53524,,311.82216999999997,311.6949524,336.47380289999995,,,,,0.9971625000000001,,,1.0,0.0,1.0,0.0,0.0,52537626.95755,52891480.309499994,,52978206.007174,22396044.810650002,22145131.86375,71253967.3050905,52983525.5264,,0.0,,96.29806,,0.0,,99.87666,0.0,1.0,0.0
251,2024-01-21T02:05:00.000-0300,25438572.1927925,308.15126999999995,47856436.9958255,47354439.77985,46001909.357712,,311.83446349999997,311.7107033,336.48395999999997,,,,,0.9974306,,,1.0,0.0,1.0,0.0,0.0,52542432.21605,52894696.890700005,,52977965.15585001,22390032.2554685,22152692.006368,71270505.53385,52982246.2489075,,0.0,,96.29806,,0.0,,99.87666,0.0,1.0,0.0
252,2024-01-21T02:05:30.000-0300,25423422.879872497,308.127253,47859621.313147,47354743.786,46003166.374109,,311.8425354,311.7174324,336.48152999999996,,,,,0.9974306,,,1.0,0.0,1.0,0.0,0.0,52539199.159678,52893706.41904999,,52978151.482200004,22393497.827512,22152108.4126265,71270505.53385,52983907.98575,,0.0,,96.29806,,0.0,,99.87666,0.0,1.0,0.0
253,2024-01-21T02:06:00.000-0300,25423422.879872497,308.127253,47859621.313147,47354743.786,46003166.374109,,311.8425354,311.7174324,336.48152999999996,,,,,0.9974306,,,1.0,0.0,1.0,0.0,0.0,52539199.159678,52893706.41904999,,52978151.482200004,22393497.827512,22152108.4126265,71270505.53385,52983907.98575,,0.0,,96.29806,,0.0,,99.87666,0.0,1.0,0.0
254,2024-01-21T02:06:30.000-0300,25423583.2186,308.13633,47860788.50063,47354157.4463965,46003152.0564,,311.8517174,311.7494949,336.4449448,,,,,0.997397156,,,1.0,0.0,1.0,0.0,0.0,52540823.92545,52890803.65065,,52982358.53505,22395438.6616135,22151810.1924,71253981.3286,52982201.62865,,0.0,,96.29806,,0.0,,99.87666,0.0,1.0,0.0
255,2024-01-21T02:07:00.000-0300,25417446.413163,308.12917999999996,47851372.1553,47353142.948454,46002600.726537,,311.8315758,311.7530273,336.44059,,,,,0.9972987999999999,,,1.0,0.0,1.0,0.0,0.0,52547276.70114999,52899325.6295,,52981067.0973115,22391945.63095,22146489.5944425,71276395.015574,52982848.86755001,,0.0,,96.29806,,0.0,,99.87666,0.0,1.0,0.0
256,2024-01-21T02:07:30.000-0300,25441431.3216,308.1461624,47860291.695741,47354577.07295,46002710.75715,,311.86618999999996,311.75337449999995,336.42738999999995,,,,,0.9971574400000001,,,1.0,0.0,1.0,0.0,0.0,52546860.6049905,52895059.73675,,52983323.6074765,22395438.6616135,22145033.79725,71272515.8971,52987441.615944505,,0.0,,96.29806,,0.0,,99.87666,0.0,1.0,0.0
257,2024-01-21T02:08:00.000-0300,25428427.7037,308.13756409999996,47858095.006141,47353717.5200775,46002769.597049996,,311.874144,311.74096999999995,336.43372999999997,,,,,0.9972068000000001,,,1.0,0.0,1.0,0.0,0.0,52550745.2151885,52899413.88935,,52985094.590399995,22388145.2598755,22149476.2097,71267073.20635,52987501.534576,,0.0,,96.29806,,0.0,,99.87666,0.0,1.0,0.0
258,2024-01-21T02:08:30.000-0300,25422180.867650002,308.1383347,47861267.06515,47355151.0561745,46002771.2641805,,311.85277399999995,311.72405,336.43512999999996,,,,,0.9972607000000001,,,1.0,0.0,1.0,0.0,0.0,52549841.434324495,52900541.65409999,,52980524.6915,22396507.096130997,22150380.0886305,71269236.357207,52983431.38255999,,0.0,,96.29806,,0.0,,99.87666,0.0,1.0,0.0
259,2024-01-21T02:09:00.000-0300,25438620.049244497,308.153727,47854189.507778496,47352897.488004506,46002249.8446,,311.8419937,311.73447649999997,336.44304,,,,,0.99734375,,,1.0,0.0,1.0,0.0,0.0,52547309.5534275,52897560.4325,,52984368.8983,22393421.531774998,22152041.1390075,71268482.1277555,52988082.088256,,0.0,,96.29806,,0.0,,99.87666,0.0,1.0,0.0
260,2024-01-21T02:09:30.000-0300,25449358.036795,308.1491531,47859337.0183635,47353259.647589006,46002720.5638,,311.90261,311.76149219999996,336.4477,,,,,0.9973023000000001,,,1.0,0.0,1.0,0.0,0.0,52547335.54105,52898939.933955505,,52986820.5608,22396986.249050003,22152240.115936,71271525.42545,52986016.4155,,0.0,,96.29806,,0.0,,99.87666,0.0,1.0,0.0
261,2024-01-21T02:10:00.000-0300,25440372.2034,308.155394,47858214.7453375,47352266.037811,46003684.0671625,,311.87933999999996,311.77441999999996,336.43865,,,,,0.997377853,,,1.0,0.0,1.0,0.0,0.0,52550194.571791,52903856.3018,,52988022.267691,22390307.9204,22150959.2693795,71271863.951008,52991057.033599995,,0.0,,96.29806,,0.0,,99.87666,0.0,1.0,0.0
262,2024-01-21T02:10:30.000-0300,25432757.2416085,308.1211227,47858128.93715,47353502.067977,46002959.84606,,311.8521179,311.78184,336.41638789999996,,,,,0.9972203000000001,,,1.0,0.0,1.0,0.0,0.0,52548428.8844585,52903728.815349996,,52984412.9301585,22394982.2601225,22153597.356296,71264244.380091,52989099.62626,,0.0,,96.29806,,0.0,,99.87666,0.0,1.0,0.0
263,2024-01-21T02:11:00.000-0300,25437420.40175,308.17204,47855679.824379,47352697.0400785,46001987.222513,,311.85213319999997,311.793837,336.41747,,,,,0.9972203000000001,,,1.0,0.0,1.0,0.0,0.0,52551356.26755,52904165.3093415,,52984996.5239,22392008.981909,22146073.30215,71269162.0228,52994724.7207,,0.0,,96.29806,,0.0,,99.87666,0.0,1.0,0.0
264,2024-01-21T02:11:30.000-0300,25430638.4168095,308.14477769999996,47855012.4818465,47352532.386424996,46003055.558964,,311.87023769999996,311.79731219999996,336.40617999999995,,,,,0.9972312,,,1.0,0.0,1.0,0.0,0.0,52553788.31675,52906523.710599996,,52989546.809499994,22391058.717524,22147846.736736,71260149.71145,52994008.835250005,,0.0,,96.29806,,0.0,,99.87666,0.0,1.0,0.0
265,2024-01-21T02:12:00.000-0300,25436162.993087,308.15907999999996,47857969.284888,47353481.081746005,46002555.81208,,311.88504639999996,311.79249999999996,336.4058022,,,,,0.997134552,,,1.0,0.0,1.0,0.0,0.0,52550900.846723996,52901394.832650006,,52985633.956149995,22390271.635795,22150891.897694,71266926.1066,52982904.6673885,,0.0,,96.29806,,0.0,,99.87666,0.0,1.0,0.0
266,2024-01-21T02:12:30.000-0300,25466757.975890003,308.144,47855868.4062585,47352098.4421625,46002141.97145,,311.898333,311.7745346,336.41069259999995,,,,,0.9971559000000001,,,1.0,0.0,1.0,0.0,0.0,52550473.66904999,52901424.2526,,52983270.5535,22391854.821371,22150887.386635,71269348.34915,52993032.09291001,,0.0,,96.29806,,0.0,,99.87666,0.0,1.0,0.0
267,2024-01-21T02:13:00.000-0300,25425936.814600002,308.16112369999996,47859678.38785,47354447.7232365,46003875.591037,,311.8447327,311.72949,336.41501999999997,,,,,0.9975105000000001,,,1.0,0.0,1.0,0.0,0.0,52553847.15664999,52904768.320250005,,52986837.1340385,22390439.2314435,22150149.730422,71253338.796892,52991459.106249996,,0.0,,96.29806,,0.0,,99.87666,0.0,1.0,0.0
268,2024-01-21T02:13:30.000-0300,25403993.944892503,308.1258339,47853504.12101,47350700.7984045,46002654.5650455,,311.85349499999995,311.727,336.3936943,,,,,0.9972029,,,1.0,0.0,1.0,0.0,0.0,52558765.780024,52910593.470350005,,52993660.6011085,22388263.5280745,22147730.626,71256795.83715001,52998568.927499995,,0.0,,96.29806,,0.0,,99.87666,0.0,1.0,0.0
269,2024-01-21T02:14:00.000-0300,25437976.634938,308.16391,47853210.8041085,47352158.2627275,46002540.8079055,,311.86928409999996,311.7274078,336.3942856,,,,,0.9976066590000001,,,1.0,0.0,1.0,0.0,0.0,52549165.069674,52902130.3314,,52991449.2996,22390841.794426,22147367.77995,71269505.25555,52995734.80565,,0.0,,96.29806,,0.0,,99.87666,0.0,1.0,0.0
270,2024-01-21T02:14:30.000-0300,25421480.5747735,308.13545,47857069.81895,47352170.324907,46002594.7444805,,311.86611999999997,311.7163948,336.39128999999997,,,,,0.9972286,,,1.0,0.0,1.0,0.0,0.0,52551331.848991506,52909941.328125,,52990482.265843496,22391679.7726685,22154299.12017,71263783.467541,52995970.16525,,0.0,,96.29806,,0.0,,99.87666,0.0,1.0,0.0
271,2024-01-21T02:15:00.000-0300,25445251.99244,308.175753,47861306.29175,47352478.44985,46002938.859829,,311.8453049,311.7112946,336.38955539999995,,,,,0.997156143,,,1.0,0.0,1.0,0.0,0.0,52559980.82395899,52903924.948350005,,52991949.43875,22393945.3049515,22147535.473665,71266548.8447745,52995306.5492445,,0.0,,96.29806,,0.0,,99.87666,0.0,1.0,0.0
272,2024-01-21T02:15:30.000-0300,25424224.965776004,308.1251625,47854249.328343496,47352912.492179,46003160.392052494,,311.84159999999997,311.70833,336.3823647,,,,,0.997156143,,,1.0,0.0,1.0,0.0,0.0,52552768.42515,52908008.045144,,52986962.757225,22393488.9034605,22147956.17895,71249342.78315,52997146.96325,,0.0,,96.29806,,0.0,,99.87666,0.0,1.0,0.0
273,2024-01-21T02:16:00.000-0300,25416120.357950002,308.13174999999995,47855763.6712365,47353885.115726,46002073.3249,,311.88953999999995,311.7188248,336.3895058,,,,,0.9973582000000001,,,1.0,0.0,1.0,0.0,0.0,52552974.364800006,52912270.4075,,52993582.736307494,22386566.5853585,22148064.0521,71251297.7388275,52999235.779699996,,0.0,,96.29806,,0.0,,99.87666,0.0,1.0,0.0
274,2024-01-21T02:16:30.000-0300,25428480.65961,308.17071999999996,47859606.407039,47353704.2811,46002109.9037045,,311.89670789999997,311.7241653,336.40418999999997,,,,,0.9972023,,,1.0,0.0,1.0,0.0,0.0,52556367.4657,52909338.21914999,,52989890.04225,22390380.881876,22148244.7886595,71270822.484778,52997303.86965,,0.0,,96.29806,,0.0,,99.87666,0.0,1.0,0.0
275,2024-01-21T02:17:00.000-0300,25426179.234988,308.15074,47856559.87315,47353520.0141465,46001771.672345996,,311.89637,311.7319321,336.41663,,,,,0.9972023,,,1.0,0.0,1.0,0.0,0.0,52555916.3598,52911838.914900005,,52998389.171605505,22390868.664647,22145766.8443375,71258492.3876,52996180.5178925,,0.0,,96.29806,,0.0,,99.87666,0.0,1.0,0.0
276,2024-01-21T02:17:30.000-0300,25426340.84858,308.1380943,47862838.5808125,47351897.89617,46003028.688743,,311.87898479999996,311.7385963,336.42148999999995,,,,,0.9973236,,,1.0,0.0,1.0,0.0,0.0,52557508.8616935,52910701.343499996,,52992537.83775,22390588.8809225,22153375.922139,71262826.9269,52996421.27115,,0.0,,96.29806,,0.0,,99.87666,0.0,1.0,0.0
277,2024-01-21T02:18:00.000-0300,25427103.805949997,308.13169999999997,47854743.093171,47353020.267262496,46003897.3618,,311.88234,311.74462739999996,336.4217857,,,,,0.9972271,,,1.0,0.0,1.0,0.0,0.0,52556802.586760506,52911569.428158,,52998088.401650004,22390539.553473,22152434.679872,71266500.890256,52995258.692792505,,0.0,,96.29806,,0.0,,99.87666,0.0,1.0,0.0
278,2024-01-21T02:18:30.000-0300,25431055.8859,308.1417679,47857263.009955,47352571.3188255,46002740.1771,,311.8813576,311.7504181,336.4114365,,,,,0.9972271,,,1.0,0.0,1.0,0.0,0.0,52560070.652873,52905994.1515,,53000663.62794,22392317.2049185,22151186.685593,71254481.46775,53000981.363400005,,0.0,,96.29806,,0.0,,99.87666,0.0,1.0,0.0
279,2024-01-21T02:19:00.000-0300,25427983.854721,308.16366419999997,47856631.5597615,47352903.470061,46002661.723900005,,311.8813843,311.74752,336.41132999999996,,,,,0.9973026,,,1.0,0.0,1.0,0.0,0.0,52560770.651549995,52910557.8722105,,52995444.2346105,22395172.018799998,22149829.2491,71261934.52175,53004129.29805,,0.0,,96.29806,,0.0,,99.87666,0.0,1.0,0.0
280,2024-01-21T02:19:30.000-0300,25424772.6671785,308.13451999999995,47857314.9852,47351754.326814,46003244.140843496,,311.87102999999996,311.7437538,336.40385,,,,,0.9972411,,,1.0,0.0,1.0,0.0,0.0,52560770.651549995,52916375.7653895,,52995671.7488905,22391679.7726685,22147665.705977,71274784.8617105,53002521.00744999,,0.0,,96.29806,,0.0,,99.87666,0.0,1.0,0.0
